1747 3005
0 0 80 168 Ι

0 181 64 669 3

604 129 864 186 Lxxrx

74 263 232 332 sibUS,
284 278 337 318 et
372 265 790 337 comprobatione
828 268 1114 340 nuperrime
1152 268 1241 342 ipfi
1271 269 1411 326 vidia

76 362 190 399 mus
226 360 278 397 et
318 342 457 414 gavisi
489 343 688 398 sumus?
745 349 920 419 Qum
954 348 994 401 is
1023 349 1194 401 harum
1225 367 1396 406 rerum

75 421 439 487 scientiffimuS,
476 439 717 492 quantum
748 427 988 495 temporis
1013 445 1036 478 a
1071 429 1396 483 maximarum

75 509 243 555 rerum
275 501 527 554 curatione
554 500 641 573 ipsi
667 503 907 571 reliquum
933 505 1026 566 est,
1064 521 1227 558 toturn
1261 509 1396 561 evol-

75 579 249 632 vendis
287 595 437 649 atque
476 581 817 668 expendendis
855 583 1095 635 veteribus
1135 586 1395 639 codicibus

75 656 347 728 impendat,
369 674 588 728 quorum
612 660 879 728 ingentem,
917 661 1096 729 exquis'
1085 678 1298 731 tamque
1323 665 1397 717 iu-

75 734 372 807 pellec‘tilem
409 734 602 788 summo
638 738 796 791 studio
837 738 1191 810 diligentiaque
1234 744 1394 796 incre-

0 878 2 882 ·
41 816 43 818 ’
75 813 209 866 dibili
242 830 568 884 comparatam
604 815 741 869 domi
777 817 946 882 habet,
996 835 1191 890 praeter
1228 821 1396 873 omni-

75 909 202 963 gena
241 892 549 945 venerandae
584 895 882 964 antiquitatis
924 913 1273 964 monumenta,
1318 917 1395 952 re·-

22 991 23 994 ¹
73 986 289 1041 rumque
309 971 599 1024 naturalium
623 974 924 1026 exoticarum
946 977 1157 1045 copiam,
1188 995 1281 1046 qua
1305 980 1396 1031 mi-

74 1046 212 1102 rifice
255 1049 480 1102 instrueta
518 1067 664 1119 atque
698 1068 937 1105 exornata
969 1063 1066 1106 tota
1088 1056 1204 1122 ejus
1245 1059 1395 1110 domus

66 1130 273 1203 gymnas
257 1149 344 1180 um
375 1129 473 1200 cst?
507 1130 623 1193 Qua
660 1130 725 1182 de
756 1148 810 1184 re
833 1148 985 1183 nemo
1007 1147 1105 1184 tam
1133 1133 1394 1204 perfrictae

73 1205 253 1259 frontis
285 1207 483 1277 reperiri
516 1206 751 1295 potuisset
784 1210 861 1274 (ut
894 1226 1145 1280 repertum
1168 1211 1224 1262 iri
1249 1230 1397 1265 num-

21 1296 23 1298 ’
74 1301 221 1353 quam
242 1289 423 1355 puto),
454 1286 538 1354 qui
568 1286 679 1354 post
714 1288 846 1356 pens
851 1288 1053 1340 eulatam
1083 1307 1108 1340 a
1130 1304 1292 1342 tantae
1322 1292 1395 1342 in-

74 1363 313 1432 tegritatis
334 1380 389 1415 ac
413 1362 667 1417 doeirinae
689 1365 800 1417 viris
827 1366 1038 1418 veritatis
1062 1366 1399 1438 investigatio-

75 1457 219 1504 nem,
253 1458 359 1493 eam
383 1453 622 1494 revocare
642 1443 842 1512 amplius
864 1443 913 1495 in
945 1443 1152 1497 dubium
1177 1447 1393 1499 auderet.

34 1577 41 1581 „
77 1521 335 1592 Qantum
361 1536 479 1570 vero
502 1520 550 1571 in
574 1521 674 1574 hoc
700 1519 1001 1591 suscipiendo
1027 1522 1230 1577 consilio
1242 1525 1397 1578 CLE-

76 1598 332 1653 MENTIS
356 1598 488 1651 XIV.
514 1596 769 1669 sapientia,
809 1601 1132 1670 optimusque
1158 1603 1261 1668 ejus
1284 1621 1398 1672 erga

18 1667 23 1721 Ι
76 1662 255 1729 litteras
283 1675 473 1727 animus
499 1692 548 1728 et
571 1679 902 1747 patrocinium
930 1679 1144 1745 eiueeat,
1184 1681 1293 1734 sane
1316 1699 1398 1751 pa-

20 1795 21 1798 *
76 1768 165 1806 tet.
244 1753 385 1824 Quid
407 1754 553 1818 enim,
589 1755 793 1823 quaeso,
824 1756 1132 1826 Alphonsum
1154 1760 1398 1829 Neapoli-

18 1829 22 1841 ³
76 1847 248 1886 tanum
270 1833 475 1901 Regem,
500 1831 585 1900 qui
600 1850 672 1892 *eo
695 1850 805 1902 erga
821 1835 1015 1886 Livium
1039 1854 1209 1888 amore
1232 1840 1400 1890 incen-

19 1905 23 1975 ζ
79 1910 156 1964 sus
192 1925 318 1973 erat,
354 1925 411 1962 ut
447 1925 639 1979 praeter
672 1910 806 1963 illam
839 1914 1064 1964 omnium
1101 1912 1229 1967 fama
1266 1915 1397 1967 cele-

77 1989 261 2042 bratam
287 1987 350 2039 ad
379 1988 642 2040 Patavinos
663 1988 987 2058 legationem,
1028 1990 1122 2044 sese
1149 1993 1398 2046 Laurentii

77 2065 249 2127 Vallae
271 2082 386 2118 cum
408 2069 632 2119 Antonio
656 2069 942 2134 Panormita,
964 2068 1171 2140 aliisque,
1200 2070 1265 2123 de
1286 2090 1398 2141 ger-

20 2172 41 2211 χ
78 2144 233 2198 manis
256 2143 468 2209 ejusdem
485 2143 778 2198 lectionibus
800 2148 1141 2215 quaestionum
1162 2149 1400 2204 arbitrum

18 2215 21 2218 ’
81 2237 134 2277 et
166 2221 380 2288 judicem
410 2218 775 2293 interponeret;
827 2225 972 2294 quid,
1018 2228 1247 2296 inquam,
1297 2247 1398 2281 am-

83 2300 212 2373 plius
238 2299 482 2353 faciurum
508 2301 641 2354 hunc
671 2301 809 2355 fuisse
828 2303 1167 2371 judicabimUS,
1203 2304 1261 2371 fi,
1292 2305 1397 2375 ipso

20 2428 22 2434 ,
83 2380 304 2442 vivente,
349 2378 682 2447 fragmentum
730 2380 831 2432 hoe
869 2382 920 2434 in
966 2384 1129 2435 lucem
1163 2384 1397 2438 veniflet?

14 2451 23 2523 J
84 2457 225 2530 Qd
246 2460 488 2543 Magnum
513 2457 849 2546 Ludovieum,
880 2462 962 2530 qui
984 2460 1322 2531 ampliffimum
1344 2482 1399 2516 ac

21 2541 23 2601 ζ
82 2535 226 2606 plane
275 2535 494 2603 regium,
549 2537 898 2605 quinquaginta
947 2556 1208 2591 aureorum
1256 2541 1398 2607 milia,

47 2648 52 2654 ‚
82 2612 362 2685 praemium
395 2613 681 2685 proposuit,
718 2613 750 2666 fi
780 2615 888 2685 quis
916 2617 1143 2671 Livianae
1172 2617 1398 2670 historiae

1232 2695 1399 2762 libros,
