<?xml version="1.0" encoding="UTF-8"?>
<!DOCTYPE html PUBLIC "-//W3C//DTD XHTML 1.0 Transitional//EN"
    "http://www.w3.org/TR/xhtml1/DTD/xhtml1-transitional.dtd">
<html xmlns="http://www.w3.org/1999/xhtml" xml:lang="en" lang="en">
 <head>
  <title>
</title>
<meta http-equiv="Content-Type" content="text/html;charset=utf-8" />
  <meta name='ocr-system' content='tesseract 3.04.00' />
  <meta name='ocr-capabilities' content='ocr_page ocr_carea ocr_par ocr_line ocrx_word'/>
</head>
<body>
  <div class='ocr_page' id='page_1' title='image "./historiarumlibri91livyuoft_0094.png"; bbox 0 0 1763 3021; ppageno 0'>
   <div class='ocr_carea' id='block_1_1' title="bbox 335 161 1657 614">
    <p class='ocr_par' dir='ltr' id='par_1_1' title="bbox 335 161 1657 614">
     <span class='ocr_line' id='line_1_1' title="bbox 861 161 1121 226; baseline -0.004 -2"><span class='ocrx_word' id='word_1_1' title='bbox 861 161 903 224; x_wconf 89' lang='lat' dir='ltr'>L</span> <span class='ocrx_word' id='word_1_2' title='bbox 917 172 961 223; x_wconf 94' lang='lat' dir='ltr'>X</span> <span class='ocrx_word' id='word_1_3' title='bbox 975 171 1057 226; x_wconf 85' lang='lat' dir='ltr'>Vl</span> <span class='ocrx_word' id='word_1_4' title='bbox 1072 163 1121 223; x_wconf 81' lang='lat'>1&#39;1</span> 
     </span>
     <span class='ocr_line' id='line_1_2' title="bbox 336 304 1655 378; baseline -0.001 -17"><span class='ocrx_word' id='word_1_5' title='bbox 336 307 496 361; x_wconf 85' lang='lat' dir='ltr'>Aliter</span> <span class='ocrx_word' id='word_1_6' title='bbox 529 306 662 357; x_wconf 88' lang='lat' dir='ltr'>hunc</span> <span class='ocrx_word' id='word_1_7' title='bbox 690 304 858 358; x_wconf 86' lang='lat' dir='ltr'>locum</span> <span class='ocrx_word' id='word_1_8' title='bbox 890 305 1344 378; x_wconf 86' lang='lat' dir='ltr'>interpungendum</span> <span class='ocrx_word' id='word_1_9' title='bbox 1368 320 1508 378; x_wconf 88' lang='lat' dir='ltr'>putat</span> <span class='ocrx_word' id='word_1_10' title='bbox 1536 307 1655 360; x_wconf 81' lang='lat' dir='ltr'>Ber-</span> 
     </span>
     <span class='ocr_line' id='line_1_3' title="bbox 335 383 1655 457; baseline 0.001 -20"><span class='ocrx_word' id='word_1_11' title='bbox 335 384 521 437; x_wconf 78' lang='lat' dir='ltr'>nardus</span> <span class='ocrx_word' id='word_1_12' title='bbox 544 383 763 439; x_wconf 82' lang='lat' dir='ltr'>Aldsete‚</span> <span class='ocrx_word' id='word_1_13' title='bbox 804 383 1014 454; x_wconf 79' lang='lat' dir='ltr'>suaeque</span> <span class='ocrx_word' id='word_1_14' title='bbox 1042 386 1187 452; x_wconf 81' lang='lat' dir='ltr'>hujus</span> <span class='ocrx_word' id='word_1_15' title='bbox 1219 385 1470 457; x_wconf 79' lang='lat' dir='ltr'>opinionis</span> <span class='ocrx_word' id='word_1_16' title='bbox 1502 388 1655 438; x_wconf 85' lang='lat' dir='ltr'>ratio-</span> 
     </span>
     <span class='ocr_line' id='line_1_4' title="bbox 335 460 1656 535; baseline -0.001 -19"><span class='ocrx_word' id='word_1_17' title='bbox 335 481 425 516; x_wconf 88' lang='lat' dir='ltr'>nes</span> <span class='ocrx_word' id='word_1_18' title='bbox 447 463 639 514; x_wconf 89' lang='lat' dir='ltr'>erudite</span> <span class='ocrx_word' id='word_1_19' title='bbox 661 460 964 532; x_wconf 86' lang='lat' dir='ltr'>persequitur</span> <span class='ocrx_word' id='word_1_20' title='bbox 985 479 1098 516; x_wconf 92' lang='lat' dir='ltr'>toto</span> <span class='ocrx_word' id='word_1_21' title='bbox 1131 465 1285 535; x_wconf 86' lang='lat' dir='ltr'>capite</span> <span class='ocrx_word' id='word_1_22' title='bbox 1308 483 1352 517; x_wconf 88' lang='grc' dir='ltr'>ν.</span> <span class='ocrx_word' id='word_1_23' title='bbox 1377 463 1457 515; x_wconf 91' lang='lat' dir='ltr'>lib.</span> <span class='ocrx_word' id='word_1_24' title='bbox 1473 464 1506 514; x_wconf 91' lang='grc'>1.</span> <span class='ocrx_word' id='word_1_25' title='bbox 1529 480 1656 534; x_wconf 92' lang='lat' dir='ltr'>ope-</span> 
     </span>
     <span class='ocr_line' id='line_1_5' title="bbox 337 540 1657 614; baseline -0.001 -20"><span class='ocrx_word' id='word_1_26' title='bbox 337 541 423 606; x_wconf 84' lang='lat' dir='ltr'>ris,</span> <span class='ocrx_word' id='word_1_27' title='bbox 445 541 588 609; x_wconf 91' lang='lat' dir='ltr'>quod</span> <span class='ocrx_word' id='word_1_28' title='bbox 613 540 866 609; x_wconf 81' lang='lat' dir='ltr'>inscripsit:</span> <span class='ocrx_word' id='word_1_29' title='bbox 907 541 1400 610; x_wconf 69' lang='lat' dir='ltr'>Ilm-iasAntrguedades</span> <span class='ocrx_word' id='word_1_30' title='bbox 1412 543 1463 595; x_wconf 86' lang='lat' dir='ltr'>de</span> <span class='ocrx_word' id='word_1_31' title='bbox 1477 541 1657 614; x_wconf 81' lang='lat' dir='ltr'>Espan-</span> 
     </span>
    </p>
   </div>
   <div class='ocr_carea' id='block_1_2' title="bbox 337 619 1658 690">
    <p class='ocr_par' dir='ltr' id='par_1_2' title="bbox 337 619 1658 690">
     <span class='ocr_line' id='line_1_6' title="bbox 337 619 1658 690; baseline -0.001 -18"><span class='ocrx_word' id='word_1_32' title='bbox 337 638 398 672; x_wconf 82' lang='grc' dir='ltr'>ηα</span> <span class='ocrx_word' id='word_1_33' title='bbox 413 635 529 675; x_wconf 85' lang='lat' dir='ltr'>etc.;</span> <span class='ocrx_word' id='word_1_34' title='bbox 561 619 705 687; x_wconf 86' lang='lat' dir='ltr'>quod</span> <span class='ocrx_word' id='word_1_35' title='bbox 729 619 1037 672; x_wconf 83' lang='lat' dir='ltr'>Harduinum</span> <span class='ocrx_word' id='word_1_36' title='bbox 1060 620 1212 690; x_wconf 86' lang='lat' dir='ltr'>fugit;</span> <span class='ocrx_word' id='word_1_37' title='bbox 1250 620 1368 672; x_wconf 89' lang='lat' dir='ltr'>mihi</span> <span class='ocrx_word' id='word_1_38' title='bbox 1392 635 1554 672; x_wconf 82' lang='lat' dir='ltr'>tamen</span> <span class='ocrx_word' id='word_1_39' title='bbox 1571 636 1658 672; x_wconf 87' lang='lat' dir='ltr'>ve-</span> 
     </span>
    </p>
   </div>
   <div class='ocr_carea' id='block_1_3' title="bbox 339 696 1659 846">
    <p class='ocr_par' dir='ltr' id='par_1_3' title="bbox 339 696 1659 846">
     <span class='ocr_line' id='line_1_7' title="bbox 339 696 1659 782; baseline -0.002 -31"><span class='ocrx_word' id='word_1_40' title='bbox 339 699 442 751; x_wconf 89' lang='lat' dir='ltr'>rior</span> <span class='ocrx_word' id='word_1_41' title='bbox 478 698 622 762; x_wconf 78' lang='lat' dir='ltr'>hujus</span> <span class='ocrx_word' id='word_1_42' title='bbox 655 713 703 750; x_wconf 92' lang='lat' dir='ltr'>et</span> <span class='ocrx_word' id='word_1_43' title='bbox 740 698 1040 770; x_wconf 80' lang='lat' dir='ltr'>Dalecampii</span> <span class='ocrx_word' id='word_1_44' title='bbox 1073 698 1411 782; x_wconf 57' lang='lat' dir='ltr'>interpunctio</span> <span class='ocrx_word' id='word_1_45' title='bbox 1443 696 1539 751; x_wconf 88' lang='lat' dir='ltr'>visa</span> <span class='ocrx_word' id='word_1_46' title='bbox 1572 696 1659 764; x_wconf 85' lang='lat' dir='ltr'>est,</span> 
     </span>
     <span class='ocr_line' id='line_1_8' title="bbox 339 775 842 846; baseline -0.002 -18"><span class='ocrx_word' id='word_1_47' title='bbox 339 793 488 846; x_wconf 69' lang='lat' dir='ltr'>quam</span> <span class='ocrx_word' id='word_1_48' title='bbox 517 776 702 828; x_wconf 88' lang='lat' dir='ltr'>secutus</span> <span class='ocrx_word' id='word_1_49' title='bbox 726 775 842 828; x_wconf 89' lang='lat' dir='ltr'>sum.</span> 
     </span>
    </p>
   </div>
   <div class='ocr_carea' id='block_1_4' title="bbox 337 853 1663 1626">
    <p class='ocr_par' dir='ltr' id='par_1_4' title="bbox 337 853 1663 1626">
     <span class='ocr_line' id='line_1_9' title="bbox 454 853 1659 927; baseline -0.002 -19"><span class='ocrx_word' id='word_1_50' title='bbox 454 856 543 908; x_wconf 86' lang='lat' dir='ltr'>CE</span> <span class='ocrx_word' id='word_1_51' title='bbox 550 855 917 919; x_wconf 79' lang='lat' dir='ltr'>RINDONES)</span> <span class='ocrx_word' id='word_1_52' title='bbox 961 858 1042 908; x_wconf 90' lang='lat' dir='ltr'>De</span> <span class='ocrx_word' id='word_1_53' title='bbox 1087 856 1189 908; x_wconf 84' lang='lat' dir='ltr'>hoc</span> <span class='ocrx_word' id='word_1_54' title='bbox 1230 856 1411 927; x_wconf 89' lang='lat' dir='ltr'>pariter</span> <span class='ocrx_word' id='word_1_55' title='bbox 1451 853 1659 907; x_wconf 83' lang='lat' dir='ltr'>nomine</span> 
     </span>
     <span class='ocr_line' id='line_1_10' title="bbox 337 931 1659 1004; baseline 0 -20"><span class='ocrx_word' id='word_1_56' title='bbox 337 931 606 1002; x_wconf 84' lang='lat' dir='ltr'>opiniones</span> <span class='ocrx_word' id='word_1_57' title='bbox 631 931 921 986; x_wconf 61' lang='lat' dir='ltr'>doctiorum</span> <span class='ocrx_word' id='word_1_58' title='bbox 943 933 1243 1004; x_wconf 57' lang='lat' dir='ltr'>exspeeiabo.</span> <span class='ocrx_word' id='word_1_59' title='bbox 1318 933 1516 986; x_wconf 83' lang='lat' dir='ltr'>Interim</span> <span class='ocrx_word' id='word_1_60' title='bbox 1539 931 1659 984; x_wconf 82' lang='lat' dir='ltr'>mihi</span> 
     </span>
     <span class='ocr_line' id='line_1_11' title="bbox 339 1007 1659 1083; baseline 0 -22"><span class='ocrx_word' id='word_1_61' title='bbox 339 1010 461 1062; x_wconf 81' lang='lat' dir='ltr'>haec</span> <span class='ocrx_word' id='word_1_62' title='bbox 485 1028 668 1062; x_wconf 80' lang='lat' dir='ltr'>canam.</span> <span class='ocrx_word' id='word_1_63' title='bbox 720 1015 902 1064; x_wconf 89' lang='lat' dir='ltr'>Vtrum</span> <span class='ocrx_word' id='word_1_64' title='bbox 926 1013 1072 1082; x_wconf 83' lang='lat' dir='ltr'>igitur</span> <span class='ocrx_word' id='word_1_65' title='bbox 1093 1029 1190 1083; x_wconf 90' lang='lat' dir='ltr'>pro</span> <span class='ocrx_word' id='word_1_66' title='bbox 1215 1029 1320 1066; x_wconf 91' lang='lat' dir='ltr'>uno</span> <span class='ocrx_word' id='word_1_67' title='bbox 1344 1012 1556 1082; x_wconf 65' lang='lat' dir='ltr'>popum,</span> <span class='ocrx_word' id='word_1_68' title='bbox 1576 1007 1659 1062; x_wconf 87' lang='lat' dir='ltr'>seu</span> 
     </span>
     <span class='ocr_line' id='line_1_12' title="bbox 340 1088 1661 1161; baseline 0 -21"><span class='ocrx_word' id='word_1_69' title='bbox 340 1088 539 1140; x_wconf 81' lang='lat' dir='ltr'>civitate</span> <span class='ocrx_word' id='word_1_70' title='bbox 563 1089 903 1158; x_wconf 85' lang='lat' dir='ltr'>accipiendum</span> <span class='ocrx_word' id='word_1_71' title='bbox 927 1091 1011 1156; x_wconf 84' lang='lat' dir='ltr'>est,</span> <span class='ocrx_word' id='word_1_72' title='bbox 1047 1108 1107 1143; x_wconf 88' lang='lat' dir='ltr'>an</span> <span class='ocrx_word' id='word_1_73' title='bbox 1130 1107 1225 1161; x_wconf 91' lang='lat' dir='ltr'>pro</span> <span class='ocrx_word' id='word_1_74' title='bbox 1251 1091 1489 1161; x_wconf 84' lang='lat' dir='ltr'>regione?</span> <span class='ocrx_word' id='word_1_75' title='bbox 1530 1092 1661 1143; x_wconf 84' lang='lat' dir='ltr'>Sane</span> 
     </span>
     <span class='ocr_line' id='line_1_13' title="bbox 338 1166 1660 1239; baseline -0.001 -20"><span class='ocrx_word' id='word_1_76' title='bbox 338 1167 528 1219; x_wconf 86' lang='lat' dir='ltr'>utrovis</span> <span class='ocrx_word' id='word_1_77' title='bbox 563 1166 719 1220; x_wconf 91' lang='lat' dir='ltr'>modo</span> <span class='ocrx_word' id='word_1_78' title='bbox 743 1169 1099 1239; x_wconf 85' lang='lat' dir='ltr'>acciperemus,</span> <span class='ocrx_word' id='word_1_79' title='bbox 1130 1168 1241 1221; x_wconf 91' lang='lat' dir='ltr'>scite</span> <span class='ocrx_word' id='word_1_80' title='bbox 1262 1187 1316 1221; x_wconf 85' lang='lat' dir='ltr'>ac</span> <span class='ocrx_word' id='word_1_81' title='bbox 1348 1169 1554 1221; x_wconf 88' lang='lat' dir='ltr'>litterate</span> <span class='ocrx_word' id='word_1_82' title='bbox 1580 1183 1660 1219; x_wconf 83' lang='lat' dir='ltr'>ac-</span> 
     </span>
     <span class='ocr_line' id='line_1_14' title="bbox 341 1244 1661 1317; baseline -0.001 -21"><span class='ocrx_word' id='word_1_83' title='bbox 341 1244 638 1314; x_wconf 88' lang='lat' dir='ltr'>ciperemus.</span> <span class='ocrx_word' id='word_1_84' title='bbox 719 1251 851 1300; x_wconf 81' lang='lat' dir='ltr'>Nam</span> <span class='ocrx_word' id='word_1_85' title='bbox 884 1247 944 1299; x_wconf 83' lang='lat' dir='ltr'>ad</span> <span class='ocrx_word' id='word_1_86' title='bbox 966 1248 1102 1317; x_wconf 86' lang='lat' dir='ltr'>prius</span> <span class='ocrx_word' id='word_1_87' title='bbox 1124 1265 1281 1317; x_wconf 84' lang='lat' dir='ltr'>genus</span> <span class='ocrx_word' id='word_1_88' title='bbox 1309 1246 1451 1315; x_wconf 91' lang='lat' dir='ltr'>quod</span> <span class='ocrx_word' id='word_1_89' title='bbox 1471 1244 1661 1309; x_wconf 81' lang='lat' dir='ltr'>attinet,</span> 
     </span>
     <span class='ocr_line' id='line_1_15' title="bbox 342 1322 1661 1396; baseline 0.002 -22"><span class='ocrx_word' id='word_1_90' title='bbox 342 1322 407 1374; x_wconf 89' lang='lat' dir='ltr'>de</span> <span class='ocrx_word' id='word_1_91' title='bbox 440 1341 545 1391; x_wconf 86' lang='lat' dir='ltr'>quo</span> <span class='ocrx_word' id='word_1_92' title='bbox 581 1339 686 1376; x_wconf 89' lang='lat' dir='ltr'>uno</span> <span class='ocrx_word' id='word_1_93' title='bbox 720 1323 923 1377; x_wconf 88' lang='lat' dir='ltr'>suboriri</span> <span class='ocrx_word' id='word_1_94' title='bbox 960 1325 1204 1378; x_wconf 85' lang='lat' dir='ltr'>dubitatio</span> <span class='ocrx_word' id='word_1_95' title='bbox 1227 1325 1421 1396; x_wconf 82' lang='lat' dir='ltr'>poffet,</span> <span class='ocrx_word' id='word_1_96' title='bbox 1455 1322 1661 1376; x_wconf 91' lang='lat' dir='ltr'>Florum</span> 
     </span>
     <span class='ocr_line' id='line_1_16' title="bbox 338 1401 1660 1472; baseline 0.002 -21"><span class='ocrx_word' id='word_1_97' title='bbox 338 1401 545 1469; x_wconf 77' lang='lat' dir='ltr'>quidem</span> <span class='ocrx_word' id='word_1_98' title='bbox 592 1416 641 1452; x_wconf 90' lang='lat' dir='ltr'>et</span> <span class='ocrx_word' id='word_1_99' title='bbox 684 1403 963 1471; x_wconf 81' lang='lat' dir='ltr'>Appianum</span> <span class='ocrx_word' id='word_1_100' title='bbox 1004 1403 1265 1472; x_wconf 78' lang='lat' dir='ltr'>aliquoties</span> <span class='ocrx_word' id='word_1_101' title='bbox 1313 1401 1376 1455; x_wconf 81' lang='lat' dir='ltr'>{ic</span> <span class='ocrx_word' id='word_1_102' title='bbox 1416 1403 1660 1471; x_wconf 89' lang='lat' dir='ltr'>loquutos</span> 
     </span>
     <span class='ocr_line' id='line_1_17' title="bbox 340 1477 1660 1539; baseline 0 -8"><span class='ocrx_word' id='word_1_103' title='bbox 340 1477 680 1535; x_wconf 79' lang='lat' dir='ltr'>animadverti;</span> <span class='ocrx_word' id='word_1_104' title='bbox 716 1497 771 1531; x_wconf 80' lang='lat' dir='ltr'>ac</span> <span class='ocrx_word' id='word_1_105' title='bbox 793 1496 855 1531; x_wconf 89' lang='lat' dir='ltr'>ne</span> <span class='ocrx_word' id='word_1_106' title='bbox 883 1499 906 1532; x_wconf 89' lang='lat' dir='ltr'>a</span> <span class='ocrx_word' id='word_1_107' title='bbox 929 1481 1072 1533; x_wconf 86' lang='lat' dir='ltr'>Livio</span> <span class='ocrx_word' id='word_1_108' title='bbox 1088 1519 1099 1539; x_wconf 89' lang='lat'>‚</span> <span class='ocrx_word' id='word_1_109' title='bbox 1137 1482 1292 1534; x_wconf 91' lang='lat' dir='ltr'>immo</span> <span class='ocrx_word' id='word_1_110' title='bbox 1316 1482 1417 1534; x_wconf 92' lang='lat' dir='ltr'>hoc</span> <span class='ocrx_word' id='word_1_111' title='bbox 1441 1482 1544 1533; x_wconf 89' lang='lat' dir='ltr'>eius</span> <span class='ocrx_word' id='word_1_112' title='bbox 1567 1478 1660 1532; x_wconf 85' lang='lat' dir='ltr'>fra·</span> 
     </span>
     <span class='ocr_line' id='line_1_18' title="bbox 340 1555 1663 1626; baseline 0.002 -18"><span class='ocrx_word' id='word_1_113' title='bbox 340 1571 549 1626; x_wconf 81' lang='lat' dir='ltr'>gmcnto</span> <span class='ocrx_word' id='word_1_114' title='bbox 576 1555 895 1622; x_wconf 74' lang='lat' dir='ltr'>discedamus,</span> <span class='ocrx_word' id='word_1_115' title='bbox 917 1559 1043 1610; x_wconf 80' lang='lat' dir='ltr'>clare</span> <span class='ocrx_word' id='word_1_116' title='bbox 1065 1559 1143 1610; x_wconf 88' lang='lat' dir='ltr'>hic</span> <span class='ocrx_word' id='word_1_117' title='bbox 1165 1558 1411 1611; x_wconf 86' lang='lat' dir='ltr'>scribitur:</span> <span class='ocrx_word' id='word_1_118' title='bbox 1453 1555 1663 1610; x_wconf 71' lang='lat' dir='ltr'>SEGO-</span> 
     </span>
    </p>
   </div>
   <div class='ocr_carea' id='block_1_5' title="bbox 340 1635 1748 1700">
    <p class='ocr_par' dir='ltr' id='par_1_5' title="bbox 340 1635 1748 1700">
     <span class='ocr_line' id='line_1_19' title="bbox 340 1635 1748 1700; baseline 0.003 -13"><span class='ocrx_word' id='word_1_119' title='bbox 340 1635 523 1687; x_wconf 76' lang='lat' dir='ltr'><strong>VlAM</strong></span> <span class='ocrx_word' id='word_1_120' title='bbox 547 1637 641 1687; x_wconf 86' lang='grc' dir='ltr'>ΕΤ</span> <span class='ocrx_word' id='word_1_121' title='bbox 660 1638 735 1688; x_wconf 89' lang='lat' dir='ltr'>IN</span> <span class='ocrx_word' id='word_1_122' title='bbox 758 1637 1200 1690; x_wconf 73' lang='lat' dir='ltr'><strong>VACREORVM</strong></span> <span class='ocrx_word' id='word_1_123' title='bbox 1223 1637 1541 1700; x_wconf 80' lang='lat' dir='ltr'>GENTEM,</span> <span class='ocrx_word' id='word_1_124' title='bbox 1574 1636 1661 1689; x_wconf 87' lang='lat' dir='ltr'>ubi</span> <span class='ocrx_word' id='word_1_125' title='bbox 1744 1689 1748 1691; x_wconf 14' lang='lat' dir='ltr'>r</span> 
     </span>
    </p>
   </div>
   <div class='ocr_carea' id='block_1_6' title="bbox 343 1714 1663 1862">
    <p class='ocr_par' dir='ltr' id='par_1_6' title="bbox 343 1714 1663 1862">
     <span class='ocr_line' id='line_1_20' title="bbox 343 1714 1661 1800; baseline 0.002 -36"><span class='ocrx_word' id='word_1_126' title='bbox 343 1727 456 1764; x_wconf 85' lang='lat' dir='ltr'>cum</span> <span class='ocrx_word' id='word_1_127' title='bbox 496 1728 594 1764; x_wconf 84' lang='lat' dir='ltr'>una</span> <span class='ocrx_word' id='word_1_128' title='bbox 631 1714 817 1765; x_wconf 65' lang='lat' dir='ltr'>civitate</span> <span class='ocrx_word' id='word_1_129' title='bbox 850 1716 989 1783; x_wconf 86' lang='lat' dir='ltr'>regio</span> <span class='ocrx_word' id='word_1_130' title='bbox 1024 1714 1367 1800; x_wconf 82' lang='lat' dir='ltr'>duodeviginti</span> <span class='ocrx_word' id='word_1_131' title='bbox 1400 1714 1661 1767; x_wconf 85' lang='lat' dir='ltr'>civitatium</span> 
     </span>
     <span class='ocr_line' id='line_1_21' title="bbox 343 1790 1663 1862; baseline 0.002 -20"><span class='ocrx_word' id='word_1_132' title='bbox 343 1790 681 1860; x_wconf 78' lang='lat' dir='ltr'>conjungitur.</span> <span class='ocrx_word' id='word_1_133' title='bbox 757 1794 960 1844; x_wconf 82' lang='lat' dir='ltr'>Tamen</span> <span class='ocrx_word' id='word_1_134' title='bbox 982 1792 1134 1862; x_wconf 86' lang='lat' dir='ltr'>magis</span> <span class='ocrx_word' id='word_1_135' title='bbox 1154 1793 1357 1845; x_wconf 87' lang='lat' dir='ltr'>inclinat</span> <span class='ocrx_word' id='word_1_136' title='bbox 1375 1793 1579 1857; x_wconf 68' lang='lat' dir='ltr'>animm,</span> <span class='ocrx_word' id='word_1_137' title='bbox 1607 1806 1663 1845; x_wconf 89' lang='lat' dir='ltr'>ut</span> 
     </span>
    </p>
   </div>
   <div class='ocr_carea' id='block_1_7' title="bbox 342 1868 1742 1940">
    <p class='ocr_par' dir='ltr' id='par_1_7' title="bbox 342 1868 1742 1940">
     <span class='ocr_line' id='line_1_22' title="bbox 342 1868 1742 1940; baseline 0.004 -22"><span class='ocrx_word' id='word_1_138' title='bbox 342 1884 532 1938; x_wconf 90' lang='lat' dir='ltr'>putem,</span> <span class='ocrx_word' id='word_1_139' title='bbox 564 1869 806 1937; x_wconf 81' lang='lat' dir='ltr'>integram</span> <span class='ocrx_word' id='word_1_140' title='bbox 826 1871 1086 1940; x_wconf 79' lang='lat' dir='ltr'>regionem</span> <span class='ocrx_word' id='word_1_141' title='bbox 1109 1887 1173 1924; x_wconf 89' lang='lat' dir='ltr'>eo</span> <span class='ocrx_word' id='word_1_142' title='bbox 1196 1873 1348 1924; x_wconf 87' lang='lat' dir='ltr'>verbo</span> <span class='ocrx_word' id='word_1_143' title='bbox 1371 1868 1508 1923; x_wconf 81' lang='lat' dir='ltr'>fuisse</span> <span class='ocrx_word' id='word_1_144' title='bbox 1529 1888 1553 1922; x_wconf 83' lang='lat' dir='ltr'>a</span> <span class='ocrx_word' id='word_1_145' title='bbox 1580 1871 1665 1923; x_wconf 88' lang='lat' dir='ltr'>Li-</span> <span class='ocrx_word' id='word_1_146' title='bbox 1740 1886 1742 1888; x_wconf 81' lang='grc'><em>·</em></span> 
     </span>
    </p>
   </div>
   <div class='ocr_carea' id='block_1_8' title="bbox 341 1945 1662 2248">
    <p class='ocr_par' dir='ltr' id='par_1_8' title="bbox 341 1945 1662 2248">
     <span class='ocr_line' id='line_1_23' title="bbox 341 1945 1662 2019; baseline 0.002 -22"><span class='ocrx_word' id='word_1_147' title='bbox 341 1946 428 1998; x_wconf 87' lang='lat' dir='ltr'>vio</span> <span class='ocrx_word' id='word_1_148' title='bbox 463 1945 795 2016; x_wconf 70' lang='lat' dir='ltr'>fignificatam:</span> <span class='ocrx_word' id='word_1_149' title='bbox 839 1950 953 2018; x_wconf 88' lang='lat' dir='ltr'>post</span> <span class='ocrx_word' id='word_1_150' title='bbox 972 1948 1139 2019; x_wconf 80' lang='lat' dir='ltr'>paullo</span> <span class='ocrx_word' id='word_1_151' title='bbox 1166 1948 1322 2001; x_wconf 90' lang='lat' dir='ltr'>enim:</span> <span class='ocrx_word' id='word_1_152' title='bbox 1358 1950 1455 2002; x_wconf 88' lang='lat' dir='ltr'>AD</span> <span class='ocrx_word' id='word_1_153' title='bbox 1479 1948 1662 2001; x_wconf 83' lang='lat' dir='ltr'>CON-</span> 
     </span>
     <span class='ocr_line' id='line_1_24' title="bbox 345 2024 1661 2100; baseline 0.003 -24"><span class='ocrx_word' id='word_1_154' title='bbox 345 2024 891 2080; x_wconf 77' lang='lat' dir='ltr'>SCRIBENDOSEX</span> <span class='ocrx_word' id='word_1_155' title='bbox 920 2028 990 2081; x_wconf 83' lang='lat' dir='ltr'>HS</span> <span class='ocrx_word' id='word_1_156' title='bbox 1024 2027 1355 2100; x_wconf 68' lang='lat' dir='ltr'>GENT113x3‚</span> <span class='ocrx_word' id='word_1_157' title='bbox 1394 2025 1535 2097; x_wconf 90' lang='lat' dir='ltr'>quod</span> <span class='ocrx_word' id='word_1_158' title='bbox 1563 2042 1661 2080; x_wconf 84' lang='lat' dir='ltr'>no·</span> 
     </span>
     <span class='ocr_line' id='line_1_25' title="bbox 343 2104 1661 2175; baseline 0.004 -23"><span class='ocrx_word' id='word_1_159' title='bbox 343 2118 463 2153; x_wconf 86' lang='lat' dir='ltr'>men</span> <span class='ocrx_word' id='word_1_160' title='bbox 486 2119 591 2154; x_wconf 87' lang='lat' dir='ltr'>non</span> <span class='ocrx_word' id='word_1_161' title='bbox 621 2104 886 2172; x_wconf 86' lang='lat' dir='ltr'>utrobique</span> <span class='ocrx_word' id='word_1_162' title='bbox 919 2123 1076 2174; x_wconf 79' lang='lat' dir='ltr'>aeque</span> <span class='ocrx_word' id='word_1_163' title='bbox 1097 2120 1291 2175; x_wconf 79' lang='lat' dir='ltr'>patere,</span> <span class='ocrx_word' id='word_1_164' title='bbox 1330 2122 1424 2158; x_wconf 90' lang='lat' dir='ltr'>nec</span> <span class='ocrx_word' id='word_1_165' title='bbox 1455 2122 1550 2158; x_wconf 85' lang='lat' dir='ltr'>una</span> <span class='ocrx_word' id='word_1_166' title='bbox 1579 2121 1661 2157; x_wconf 87' lang='lat' dir='ltr'>ea·</span> 
     </span>
     <span class='ocr_line' id='line_1_26' title="bbox 345 2179 1661 2248; baseline 0.004 -18"><span class='ocrx_word' id='word_1_167' title='bbox 345 2179 565 2248; x_wconf 88' lang='lat' dir='ltr'>demque</span> <span class='ocrx_word' id='word_1_168' title='bbox 600 2180 817 2233; x_wconf 90' lang='lat' dir='ltr'>notione</span> <span class='ocrx_word' id='word_1_169' title='bbox 847 2182 913 2234; x_wconf 88' lang='lat' dir='ltr'>de</span> <span class='ocrx_word' id='word_1_170' title='bbox 939 2185 1161 2236; x_wconf 88' lang='lat' dir='ltr'>Arevacis</span> <span class='ocrx_word' id='word_1_171' title='bbox 1193 2201 1248 2235; x_wconf 79' lang='lat' dir='ltr'>ac</span> <span class='ocrx_word' id='word_1_172' title='bbox 1277 2183 1342 2235; x_wconf 91' lang='lat' dir='ltr'>de</span> <span class='ocrx_word' id='word_1_173' title='bbox 1362 2182 1661 2236; x_wconf 84' lang='lat' dir='ltr'>Cerindoni·</span> 
     </span>
    </p>
   </div>
   <div class='ocr_carea' id='block_1_9' title="bbox 345 2255 1751 2330">
    <p class='ocr_par' dir='ltr' id='par_1_9' title="bbox 345 2255 1751 2330">
     <span class='ocr_line' id='line_1_27' title="bbox 345 2255 1751 2330; baseline 0.005 -23"><span class='ocrx_word' id='word_1_174' title='bbox 345 2255 438 2308; x_wconf 87' lang='lat' dir='ltr'>bus</span> <span class='ocrx_word' id='word_1_175' title='bbox 463 2258 615 2327; x_wconf 80' lang='lat' dir='ltr'>accipi</span> <span class='ocrx_word' id='word_1_176' title='bbox 648 2258 855 2325; x_wconf 86' lang='lat' dir='ltr'>debere,</span> <span class='ocrx_word' id='word_1_177' title='bbox 892 2262 942 2311; x_wconf 86' lang='lat' dir='ltr'>id</span> <span class='ocrx_word' id='word_1_178' title='bbox 975 2280 1093 2316; x_wconf 76' lang='lat' dir='ltr'>vexo</span> <span class='ocrx_word' id='word_1_179' title='bbox 1128 2280 1153 2314; x_wconf 85' lang='lat' dir='ltr'>a</span> <span class='ocrx_word' id='word_1_180' title='bbox 1177 2262 1293 2314; x_wconf 86' lang='lat' dir='ltr'>Livii</span> <span class='ocrx_word' id='word_1_181' title='bbox 1318 2261 1563 2330; x_wconf 72' lang='lat' dir='ltr'>loquendi</span> <span class='ocrx_word' id='word_1_182' title='bbox 1586 2278 1661 2314; x_wconf 82' lang='lat' dir='ltr'>ra·</span> <span class='ocrx_word' id='word_1_183' title='bbox 1745 2265 1751 2268; x_wconf 80' lang='grc'><strong>’</strong></span> 
     </span>
    </p>
   </div>
   <div class='ocr_carea' id='block_1_10' title="bbox 345 2332 1742 2726">
    <p class='ocr_par' dir='ltr' id='par_1_10' title="bbox 345 2332 1742 2726">
     <span class='ocr_line' id='line_1_28' title="bbox 345 2332 1665 2429; baseline 0.004 -43"><span class='ocrx_word' id='word_1_184' title='bbox 345 2334 489 2386; x_wconf 86' lang='lat' dir='ltr'>tione</span> <span class='ocrx_word' id='word_1_185' title='bbox 513 2334 646 2400; x_wconf 60' lang='lat' dir='ltr'>(Eine,</span> <span class='ocrx_word' id='word_1_186' title='bbox 681 2337 911 2405; x_wconf 81' lang='lat' dir='ltr'>explicata</span> <span class='ocrx_word' id='word_1_187' title='bbox 948 2332 1322 2429; x_wconf 75' lang='lat' dir='ltr'>splendidaque,</span> <span class='ocrx_word' id='word_1_188' title='bbox 1357 2358 1450 2410; x_wconf 84' lang='lat' dir='ltr'>qua</span> <span class='ocrx_word' id='word_1_189' title='bbox 1472 2341 1665 2408; x_wconf 74' lang='lat' dir='ltr'>ubique</span> 
     </span>
     <span class='ocr_line' id='line_1_29' title="bbox 346 2411 1660 2488; baseline 0.005 -25"><span class='ocrx_word' id='word_1_190' title='bbox 346 2411 460 2464; x_wconf 90' lang='lat' dir='ltr'>usus</span> <span class='ocrx_word' id='word_1_191' title='bbox 485 2413 577 2478; x_wconf 88' lang='lat' dir='ltr'>est,</span> <span class='ocrx_word' id='word_1_192' title='bbox 614 2414 887 2483; x_wconf 80' lang='lat' dir='ltr'>longiffime</span> <span class='ocrx_word' id='word_1_193' title='bbox 910 2434 1158 2470; x_wconf 89' lang='lat' dir='ltr'>remotum</span> <span class='ocrx_word' id='word_1_194' title='bbox 1181 2418 1391 2471; x_wconf 88' lang='lat' dir='ltr'>videtur.</span> <span class='ocrx_word' id='word_1_195' title='bbox 1451 2419 1552 2470; x_wconf 84' lang='lat' dir='ltr'>Iam</span> <span class='ocrx_word' id='word_1_196' title='bbox 1573 2415 1660 2488; x_wconf 79' lang='lat' dir='ltr'>qui</span> 
     </span>
     <span class='ocr_line' id='line_1_30' title="bbox 347 2488 1742 2566; baseline 0.006 -24"><span class='ocrx_word' id='word_1_197' title='bbox 347 2488 420 2542; x_wconf 90' lang='lat' dir='ltr'>isti</span> <span class='ocrx_word' id='word_1_198' title='bbox 449 2491 780 2556; x_wconf 76' lang='lat' dir='ltr'>Cerindone8‚</span> <span class='ocrx_word' id='word_1_199' title='bbox 803 2493 968 2547; x_wconf 75' lang='lat' dir='ltr'>dices?</span> <span class='ocrx_word' id='word_1_200' title='bbox 1001 2499 1134 2548; x_wconf 79' lang='lat' dir='ltr'>itane</span> <span class='ocrx_word' id='word_1_201' title='bbox 1152 2514 1329 2566; x_wconf 77' lang='lat' dir='ltr'>poi-rc,</span> <span class='ocrx_word' id='word_1_202' title='bbox 1365 2497 1504 2566; x_wconf 90' lang='lat' dir='ltr'>quod</span> <span class='ocrx_word' id='word_1_203' title='bbox 1525 2494 1659 2548; x_wconf 84' lang='lat' dir='ltr'>mul·</span> <span class='ocrx_word' id='word_1_204' title='bbox 1712 2547 1742 2551; x_wconf 72' lang='grc'>.,</span> 
     </span>
     <span class='ocr_line' id='line_1_31' title="bbox 348 2567 1717 2644; baseline 0.002 -24"><span class='ocrx_word' id='word_1_205' title='bbox 348 2567 409 2620; x_wconf 90' lang='lat' dir='ltr'>tis</span> <span class='ocrx_word' id='word_1_206' title='bbox 439 2585 579 2621; x_wconf 87' lang='lat' dir='ltr'>totos</span> <span class='ocrx_word' id='word_1_207' title='bbox 606 2570 809 2623; x_wconf 84' lang='lat' dir='ltr'>aliorum</span> <span class='ocrx_word' id='word_1_208' title='bbox 841 2571 994 2626; x_wconf 87' lang='lat' dir='ltr'>libros</span> <span class='ocrx_word' id='word_1_209' title='bbox 1029 2575 1289 2628; x_wconf 75' lang='lat' dir='ltr'>edentibus</span> <span class='ocrx_word' id='word_1_210' title='bbox 1323 2577 1403 2628; x_wconf 87' lang='lat' dir='ltr'>vix</span> <span class='ocrx_word' id='word_1_211' title='bbox 1431 2574 1659 2644; x_wconf 54' lang='lat' dir='ltr'>contigitj</span> <span class='ocrx_word' id='word_1_212' title='bbox 1714 2620 1717 2623; x_wconf 90' lang='lat'>.</span> 
     </span>
     <span class='ocr_line' id='line_1_32' title="bbox 346 2646 1658 2726; baseline 0.004 -26"><span class='ocrx_word' id='word_1_213' title='bbox 346 2646 492 2700; x_wconf 88' lang='lat' dir='ltr'>nobis</span> <span class='ocrx_word' id='word_1_214' title='bbox 513 2648 622 2701; x_wconf 89' lang='lat' dir='ltr'>unis</span> <span class='ocrx_word' id='word_1_215' title='bbox 642 2648 802 2704; x_wconf 81' lang='lat' dir='ltr'>divina</span> <span class='ocrx_word' id='word_1_216' title='bbox 833 2652 1045 2719; x_wconf 78' lang='lat' dir='ltr'>quadam</span> <span class='ocrx_word' id='word_1_217' title='bbox 1070 2654 1246 2724; x_wconf 84' lang='lat' dir='ltr'>virgula</span> <span class='ocrx_word' id='word_1_218' title='bbox 1278 2657 1567 2726; x_wconf 85' lang='lat' dir='ltr'>contigerit,</span> <span class='ocrx_word' id='word_1_219' title='bbox 1601 2666 1658 2705; x_wconf 88' lang='lat' dir='ltr'>ut</span> 
     </span>
    </p>
   </div>
   <div class='ocr_carea' id='block_1_11' title="bbox 1725 1311 1763 2708">
    <p class='ocr_par' dir='ltr' id='par_1_11' title="bbox 1725 1311 1763 2708">
     <span class='ocr_line' id='line_1_33' title="bbox 1725 1311 1763 2708; baseline 0 0"><span class='ocrx_word' id='word_1_220' title='bbox 1725 1311 1763 2708; x_wconf 95' lang='lat' dir='ltr'> </span> 
     </span>
    </p>
   </div>
   <div class='ocr_carea' id='block_1_12' title="bbox 1594 2710 1747 2783">
    <p class='ocr_par' dir='ltr' id='par_1_12' title="bbox 1594 2710 1747 2783">
     <span class='ocr_line' id='line_1_34' title="bbox 1594 2710 1747 2783; baseline -0.007 0"><span class='ocrx_word' id='word_1_221' title='bbox 1594 2710 1747 2783; x_wconf 67' lang='lat' dir='ltr'>ex!</span> 
     </span>
    </p>
   </div>
  </div>
 </body>
</html>
