1763 3021
911 129 1136 185 LXXX

364 273 534 335 libroS‚
564 269 743 335 jacium
773 268 882 320 fane
915 267 1034 320 tristi
1076 280 1224 336 atque
1249 266 1421 319 acerba
1450 264 1683 338 deperdi-

367 367 477 407 tos,
509 348 590 401 fibi
618 348 837 399 stitiss'et?
879 345 1015 412 Quid
1046 349 1268 399 Leonem
1305 343 1457 415 ipsum
1485 349 1556 408 X,
1591 342 1681 413 qui
1760 352 1762 354 ’

365 443 637 496 numquam
677 425 785 477 satis
825 423 1066 477 laudando
1107 422 1311 477 confilio
1349 422 1684 487 constituerat,

365 523 424 559 ut
454 509 503 558 in
525 504 776 575 Capitolio
810 504 936 554 statis
970 501 1063 553 diei
1090 503 1225 554 horis
1257 501 1531 572 superstites
1563 491 1683 566 ejus·

366 586 484 637 dem
519 582 622 635 libri
658 599 887 634 romanae
923 582 1165 646 juventuti
1194 580 1389 650 legendi
1420 595 1569 647 atque
1600 595 1683 631 ex·

363 662 574 734 plicandi
599 666 1033 731 proponerentur?
1061 658 1300 726 Equidem
1325 657 1454 709 haud
1481 657 1595 721 sci0,
1619 672 1682 709 an

364 743 397 795 ii
437 759 485 792 et
521 739 695 804 majori
727 737 890 790 studio
921 737 984 789 de
1017 738 1160 801 hujus
1191 736 1449 806 fragmenti
1485 736 1681 786 veritate
1760 779 1763 788 .

363 818 604 872 certiores
627 816 728 869 fieri
751 815 1026 880 voiuiffent,
1059 814 1417 885 impendioque
1438 815 1592 883 magis
1613 809 1682 865 af·
1760 866 1763 875 1

363 897 446 951 fici
473 898 541 949 ob
567 894 844 960 hujusmodi
880 910 1129 963 repertum
1152 893 1438 963 potuiss'ent.

480 973 579 1027 Sed
598 1014 610 1038 ,
650 990 703 1025 ut
724 975 1053 1041 interruptum
1077 971 1361 1025 narrationis
1392 969 1529 1022 filum
1551 966 1682 1022 resu-
1761 962 1763 1000 3

362 1069 544 1117 matur,
580 1052 811 1120 optimae,
844 1051 1218 1120 justiffimaeque
1241 1048 1490 1104 pontificis
1511 1048 1684 1100 volun-

362 1132 444 1185 tati
470 1130 714 1184 continuo
740 1131 1135 1199 obtemperatum
1168 1129 1256 1180 est:
1302 1127 1572 1196 inspectum
1612 1125 1682 1178 est

363 1210 496 1263 enim
526 1209 880 1278 fragmentum,
920 1225 1138 1276 cumque
1162 1205 1394 1277 impresso
1419 1203 1683 1274 exemplari

360 1288 640 1342 conlatum;
693 1302 800 1338 tum
838 1285 1074 1351 judicium
1112 1285 1303 1338 chartae
1351 1284 1682 1345 commiffum,

362 1381 512 1434 atque
542 1363 790 1432 utriusque
824 1363 1040 1416 censoris
1075 1381 1221 1416 manu
1257 1362 1582 1433 subsignatum
1618 1358 1680 1414 ad

359 1441 659 1498 Pontificem
685 1441 913 1493 delatum.
992 1442 1150 1514 Qod
1174 1460 1271 1510 ego
1296 1442 1565 1495 dostorum
1587 1441 1680 1495 Vi-

360 1539 536 1574 rorum
568 1519 833 1586 judicium,
871 1534 1050 1589 utpote
1085 1520 1229 1573 nobis
1266 1535 1413 1588 atque
1445 1519 1541 1572 illis
1577 1536 1679 1572 ma.

360 1602 493 1652 xime
519 1597 874 1657 honorificum,
899 1595 1099 1649 inferius
1121 1597 1438 1650 attexendum
1465 1601 1678 1652 omnino

361 1675 458 1729 effe
478 1674 653 1727 censui.
713 1679 965 1729 Praeterea
987 1692 1142 1744 quum
1164 1675 1466 1729 Cardinalem
1489 1675 1680 1746 amplis-

359 1753 532 1806 fimum
565 1754 627 1805 de
647 1753 825 1805 Zelada
852 1753 1123 1823 rogassem,
1158 1769 1213 1805 ut
1240 1753 1492 1824 scalptori,
1525 1772 1679 1824 quem

1754 1001 1763 1139 ,Ξ

1757 1653 1763 1703 ς

357 1833 648 1904 peritiorem
680 1833 991 1896 inveneram,
1025 1831 1210 1884 codicis
1234 1830 1497 1903 inspicendi
1526 1833 1678 1886 facul·
1756 1841 1763 1886 ἓ

357 1925 506 1963 tatem
537 1911 836 1980 impertiret,
873 1911 993 1961 meis
1014 1911 1242 1981 precibus
1274 1910 1445 1962 annuit
1469 1911 1678 1964 incredi-

356 1990 439 2045 bili
463 1988 782 2057 benignitate.
862 1990 1185 2059 Quapropter
1207 1988 1326 2040 tanti
1350 1991 1481 2050 Viri,
1523 2007 1675 2060 quan·

355 2082 436 2119 tus
476 2065 656 2118 Zelada
693 2065 787 2127 est,
837 2083 943 2117 non
981 2084 1095 2118 meo
1133 2067 1333 2136 quidem
1370 2068 1545 2133 uniuS,
1591 2065 1672 2120 sed

1757 1921 1763 1946 1

1761 2098 1763 2107 A

356 2144 584 2198 omnium
611 2142 812 2209 judicio,
848 2145 1135 2197 humanitati
1160 2161 1215 2196 ac
1249 2143 1480 2211 juvandae
1499 2147 1569 2198 rei
1597 2145 1678 2199 lit·

356 2225 556 2275 terariae
578 2222 740 2274 studio
764 2221 1004 2274 debemus
1030 2222 1357 2275 charac'terum
1393 2222 1672 2294 specimina,
1754 2238 1763 2246 ”

354 2318 481 2370 quae
514 2316 649 2351 nunc
674 2300 833 2350 multo
862 2317 1012 2368 quam
1039 2317 1175 2353 antea
1203 2301 1481 2370 diligentius
1508 2301 1568 2354 ad
1589 2319 1672 2355 au-

353 2379 585 2447 tographi
606 2374 961 2429 fimilitudinem
981 2379 1089 2432 sunt
1110 2378 1342 2450 expreffa.
1422 2383 1569 2454 Qae
1590 2395 1670 2435 res

352 2454 563 2519 efficiet,
601 2468 652 2506 vt
669 2456 826 2507 exteri
852 2472 1060 2525 quoque
1084 2457 1338 2521 homine3‚
1375 2459 1690 2513 eorumdem·

353 2533 681 2587 characierum
705 2534 939 2586 vetustate
968 2552 1023 2588 ac
1049 2534 1419 2607 pulchritudine
1451 2537 1667 2590 animad-

350 2609 496 2678 verIit,
532 2627 639 2668 non
660 2628 805 2682 aegre
827 2613 878 2664 in
899 2613 961 2666 C.
976 2618 1041 2669 V.
1065 2613 1255 2688 Iosephi
1278 2615 1508 2687 Spalletti,
1529 2631 1667 2685 grae-

1578 2708 1667 2747 cae
