1747 3005
590 105 841 162 LXXXI

53 244 158 301 cae'
179 241 378 316 lingu'ae
413 245 464 298 in
498 245 734 298 Vaticana
773 242 1080 298 Bibliotheca
1115 238 1385 312 scripto.riS‚

53 326 269 379 hominis
294 342 451 394 quum
473 322 665 385 eruditi,
689 339 796 376 tum
812 324 1022 375 maxime
1034 326 1144 388 acri,
1158 323 1383 375 subicio-z

54 421 154 473 que
189 404 400 470 judicio,
442 399 730 453 sententiam
763 400 1090 469 descendent,
1143 404 1227 470 qui
1264 400 1381 453 illud
1451 398 1455 400 ’

3 488 6 491 ’
53 481 287 551 crystallis
319 479 584 545 inclusum,
621 499 676 531 ac
712 498 1019 549 gemmarum
1062 482 1266 549 aurique
1299 498 1383 532 ora

50 576 174 613 natu
206 558 394 631 inligne
426 557 735 611 curiosorum
772 558 932 610 oculis
968 559 1380 628 proponendum

50 637 294 706 judicavit.
331 638 441 706 Ego
463 653 596 689 certe
618 636 736 688 illud
757 634 991 688 affirmare
1008 655 1114 689 non
1137 637 1381 702 dubitem,

51 718 338 770 Vaticanam
362 715 730 779 Biblothecam‚
770 713 853 767 etfi
877 715 1050 767 ceteris
1085 715 1382 785 praestantis-

50 792 182 847 simis
206 794 476 859 codicibuS,
508 794 689 863 quibus
714 793 944 857 abundat,
976 810 1177 860 careret,
1212 809 1381 847 tamen

52 872 198 939 hujus
220 872 397 934 uniUS,
439 887 588 941 atque
611 873 740 923 unici
767 871 961 925 codicis
987 873 1164 935 cauliii,
1205 891 1381 941 quem-

53 951 327 1005 admodum
361 949 604 1020 Thespiae
646 967 855 1021 propter
889 951 1156 1019 Cupidinis
1190 951 1380 1004 simula-

52 1047 211 1094 crum,
233 1028 435 1099 dignam
455 1029 752 1095 exstituram,
784 1048 913 1099 quae
939 1031 997 1080 ab
1022 1032 1158 1081 omni
1186 1030 1381 1100 elegan-

52 1109 227 1161 tiarum
260 1107 457 1160 cultore
483 1105 723 1160 viseretur.
806 1107 966 1180 Q⁴od
999 1109 1159 1160 multo
1188 1109 1380 1176 potiori

52 1186 201 1240 etiam
235 1186 342 1252 jure
372 1185 801 1257 pronuntiandum
838 1186 980 1251 effer,
1018 1185 1049 1236 fi
1083 1187 1253 1255 reliqui
1291 1186 1380 1239 fra*

51 1266 242 1336 gmenti
275 1265 463 1330 versus,
508 1264 593 1331 qui
631 1262 924 1335 prodigiosa
961 1266 1196 1317 vetustate
1230 1266 1381 1318 deleti

51 1343 324 1413 quamlibet
362 1342 627 1396 oculorum
661 1343 814 1393 aciem
850 1342 1115 1412 effugiunt,
1163 1343 1381 1396 medica*

52 1422 206 1474 menti
225 1421 425 1488 alicujus
451 1437 566 1491 ope,
604 1419 808 1471 redivivi
832 1422 1214 1488 quodammodo
1237 1423 1285 1473 in
1309 1422 1380 1474 lu*

50 1517 164 1553 cem
198 1513 526 1569 emergerent.
604 1499 725 1551 Hoc
747 1513 913 1549 autem
952 1500 980 1551 si
1005 1498 1291 1568 sperandum
1320 1501 1380 1554 ab

50 1577 218 1648 aliquo
244 1578 328 1642 est,
361 1595 387 1629 a
410 1578 519 1630 viro
541 1594 675 1629 certe
698 1576 1112 1646 praestantiffimO,
1145 1580 1382 1648 mihique,

51 1649 199 1726 qnod
223 1656 669 1708 C1.Gi0venazzio
691 1654 997 1709 conciliatori
1022 1673 1280 1727 acceptum
1304 1673 1405 1710 rea'

50 1733 194 1799 fem,
233 1734 437 1785 amicitia
467 1730 871 1797 conjunffiffimo
906 1735 1139 1786 Antonio
1172 1735 1383 1790 Minafio

51 1811 424 1876 Dominican0‚
474 1828 634 1864 novae
663 1813 837 1879 papyri
876 1827 940 1860 ex
983 1811 1114 1863 aloes
1151 1815 1384 1867 america-

54 1908 146 1949 nae
179 1890 487 1961 epidermate
514 1889 682 1951 traffi,
720 1887 1002 1953 ejusdemve
1032 1890 1220 1958 plantae
1244 1892 1381 1945 fibris

51 1969 307 2023 intertexti
338 1983 622 2039 repertore,
671 1966 1051 2036 multorumque
1087 1984 1142 2020 ac
1171 1970 1383 2040 praecla-

51 2064 233 2100 rorum
276 2047 595 2099 inventorum
630 2060 833 2116 parente
874 2044 1255 2116 exspeehndum
1296 2050 1380 2103 est.

54 2126 163 2196 Qui
186 2123 394 2195 quidem
416 2125 490 2176 vir
508 2124 653 2177 dono
679 2122 901 2192 quodam
924 2125 1277 2195 providentiae
1297 2145 1382 2199 gea

9 2272 13 2277 .
53 2204 193 2257 nitus
218 2202 411 2256 videtur
432 2202 498 2254 ad
520 2201 650 2255 sacra
673 2201 1032 2271 omniparentis
1054 2208 1271 2258 Naturae
1293 2224 1382 2276 pe*

55 2281 254 2335 netralia
293 2281 686 2352 pervestiganda,
733 2280 1116 2351 abditiffimaque
1162 2281 1381 2348 ejusdem

55 2374 226 2412 arcana
257 2359 311 2411 in
341 2358 504 2415 lucem
542 2374 690 2428 atque
719 2359 772 2410 in
805 2374 1026 2428 apertum
1060 2360 1380 2430 proferenda.

56 2437 225 2507 Atque
259 2437 382 2489 haec
422 2436 671 2506 singularis
711 2436 964 2491 doehinae
996 2437 1125 2490 fama
1161 2439 1222 2491 ad
1255 2441 1381 2494 cele-

38 2513 251 2574 briores
290 2514 443 2585 usque
477 2515 763 2569 Academias
797 2531 1054 2586 pervagata
1093 2533 1201 2568 non
1242 2517 1383 2573 latuit

60 2594 350 2648 acerrimum
406 2592 677 2648 doelorum
740 2593 962 2648 virorum
1020 2594 1382 2651 aestimatorem

731 2674 772 2727 F
1074 2672 1385 2730 CLEMEN-
