1747 3005
697 159 776 214 XI

78 312 252 350 rorum
274 294 578 367 reipublicae,
615 311 681 348 eo
704 310 930 366 accept0,
961 296 1013 349 in
1033 313 1142 350 aere
1166 295 1262 350 esse
1284 315 1399 352 coe·

76 374 158 446 pi,
196 372 260 425 fic
293 391 488 445 mecum
521 373 686 439 flami,
725 373 858 426 nolle
885 373 1099 440 diutius,
1138 393 1287 445 quam
1319 393 1398 428 res

79 467 343 524 pateretur,
360 466 611 520 tamquam
623 451 807 504 malum
831 469 1035 518 nomen,
1056 453 1167 518 tale,
1186 470 1402 506 tantum-

85 547 188 600 que
225 529 330 600 ipfis
369 529 606 599 gaudium
647 529 844 582 debere.
929 531 1137 584 Acceffit
1170 531 1228 584 ad
1265 533 1404 597 haee,

82 607 227 677 quod
255 609 306 660 in
327 607 648 660 Giovenazzii
682 609 971 679 apographo
1005 610 1155 661 multa
1183 608 1404 662 animad-

83 687 226 750 verti,
250 703 374 755 quae
396 685 693 749 illustrando,
717 702 799 738 aut
821 686 1135 740 emendando
1159 688 1283 741 Livii
1307 687 1403 739 fra-

87 781 296 834 gmento
317 762 422 816 ufiii
446 780 609 828 erant,
643 780 868 834 quaeque
890 762 989 835 ipse
1013 765 1094 817 hic
1115 764 1214 817 illic
1234 763 1407 835 paffim

83 842 141 895 in
194 841 416 913 margine
445 842 780 899 adnotaveram
829 841 906 896 sed
953 861 1009 895 ea
1046 858 1148 894 tam
1191 843 1409 896 breviter

83 919 270 972 chartis
306 919 587 990 consignata
625 936 789 985 erant,
839 935 897 971 ut
930 920 1109 989 legenti
1142 921 1303 974 statim
1353 920 1408 973 in

83 1013 312 1050 mentem
346 999 541 1051 venerit
570 998 693 1050 illius
714 997 879 1063 Gellii,
915 1000 1001 1067 qui
1029 998 1093 1050 de
1116 999 1303 1068 Nigidii
1337 999 1404 1051 Fi-

87 1075 194 1146 guli
216 1076 428 1128 hominis
450 1075 711 1129 dociiffimi
734 1077 1097 1129 commentariis
1118 1075 1409 1145 quibusdam

84 1155 417 1223 *grammaticis
433 1154 661 1223 loquen8‚
673 1154 735 1206 ita
746 1152 907 1205 scribit
919 1154 998 1208 lib.
1014 1172 1047 1205 x
1062 1173 1094 1205 v
1111 1173 1124 1206 1
1140 1156 1169 1206 1.
1186 1172 1288 1224 cap.
1301 1154 1408 1206 vil.

82 1233 272 1305 anguste
294 1251 538 1304 perquam,
569 1246 610 1286 et
633 1232 809 1302 obscure
831 1231 1014 1301 differ-it,
1052 1234 1245 1305 utszgna
1268 1251 1412 1284 rerum

85 1330 252 1383 ponere
289 1310 433 1361 videas
471 1310 534 1361 ad
556 1310 798 1384 subsidium
837 1313 979 1375 magis
1020 1312 1248 1361 memoriae
1278 1308 1410 1381 suae,

91 1407 228 1461 quam
249 1388 311 1439 ad
326 1389 549 1455 legentium
572 1388 860 1460 disciplinam.
935 1390 1013 1438 Ac
1035 1386 1262 1439 videbam
1287 1385 1413 1454 sane,

93 1465 366 1536 plurimum
405 1463 555 1529 luciS‚
612 1480 761 1533 atque
808 1463 952 1515 etiam
990 1464 1133 1533 pretii
1172 1463 1414 1531 editione,

94 1561 246 1613 quam
278 1541 534 1614 parabam,
576 1542 902 1605 accessurum,
942 1539 975 1591 fi
1006 1541 1108 1594 illae
1139 1542 1418 1595 adnotatio-

91 1621 356 1674 ·nesfimul
386 1620 563 1691 publici
587 1621 705 1687 juris
729 1619 927 1671 fierent:
965 1619 1248 1673 necessarias
1272 1621 1416 1672 etiam

96 1717 182 1752 eas
212 1699 354 1769 plane
388 1697 509 1763 effe,
551 1717 704 1767 quum
733 1697 793 1749 ad
823 1696 1105 1750 schedarum
1145 1713 1195 1749 et
1217 1695 1421 1767 scriptu-

94 1793 182 1829 rae
198 1775 495 1847 praesentem
519 1777 693 1827 statum
714 1774 1134 1844 cognoscendum,
1148 1791 1255 1827 tum
1275 1776 1421 1828 etiam

97 1855 164 1908 ad
195 1855 319 1907 Livii
350 1869 543 1906 textum
573 1851 816 1906 inoffenso
834 1890 847 1914 ‚
877 1866 934 1903 ut
968 1853 1033 1904 ita
1064 1854 1247 1916 dicam,
1287 1852 1417 1922 pede

97 1931 524 2004 percurrendum,
554 1947 604 1983 et
626 1929 1016 1999 intelligendum.
1099 1933 1421 2002 Qapropter

36 2012 38 2014 ’
101 2028 214 2064 non
242 2024 509 2063 contentus
530 2010 697 2081 priore
719 2006 985 2061 amiciffimi
1008 2007 1223 2059 hominis
1243 2006 1422 2059 libera-

105 2088 266 2150 litate,
294 2087 522 2140 eumdem
546 2105 640 2159 pro
676 2085 886 2139 amicitia
918 2085 1113 2155 rogavi,
1152 2099 1207 2137 ut
1225 2101 1291 2135 ne
1316 2102 1423 2153 gra·-

105 2181 323 2230 varetur,
359 2166 415 2218 iis
436 2165 834 2217 adnotationibus
858 2162 1201 2232 aliquantulum
1226 2162 1422 2227 majoris

106 2243 231 2296 lucis
263 2241 536 2308 affiJndere‚
573 2241 748 2312 easque
779 2241 946 2312 paullo
972 2240 1175 2310 amplius
1212 2238 1422 2304 dilatare,

108 2339 217 2391 quo
240 2338 348 2373 non
379 2322 460 2375 sibi
485 2320 666 2387 solum,
703 2319 782 2373 sed
804 2319 898 2372 aliis
922 2335 1169 2391 praeterea
1196 2316 1303 2369 usui
1327 2317 1422 2371 effe

107 2399 333 2471 poflent;
376 2398 516 2470 quod
550 2399 625 2451 ille
661 2415 770 2451 non
805 2415 947 2467 aegre
981 2413 1187 2467 quoque
1228 2394 1424 2466 petenti

104 2476 366 2530 conceffit.
407 2482 488 2531 Ac
509 2478 572 2530 de
591 2477 762 2528 harum
786 2475 1162 2529 adnotationum
1181 2474 1423 2543 praestan-

108 2555 177 2608 tia
196 2556 316 2607 nihil
339 2555 601 2620 addam‚ne
622 2554 798 2619 videar,
811 2554 954 2623 quod
978 2552 1191 2605 omnino
1211 2568 1319 2605 non
1338 2550 1426 2602 de-

108 2633 228 2700 be0‚
239 2633 504 2688 deciorum
514 2633 734 2687 virorum
743 2633 921 2700 judicia
935 2631 1056 2685 velle
1067 2645 1426 2757 praevertere:-d
