1747 3005
665 147 806 203 Xlll

78 310 109 347 a
131 309 215 345 me
243 288 468 363 possent,
494 286 597 339 huc
625 285 841 356 denique
868 284 1167 351 reciderent,
1202 283 1322 339 illud
1355 297 1405 343 et

78 372 148 425 Τ.
178 370 305 424 Livii
335 369 457 433 esse,
495 382 547 420 et
575 365 642 418 de
672 368 746 439 Q
766 366 989 418 Sertorio
1017 365 1175 434 loqui.
1258 367 1407 432 Quae

80 448 206 503 duae
225 465 303 500 res
320 447 353 500 fi
366 462 517 515 quem
539 444 697 515 prima
711 442 858 497 veluti
878 443 1046 496 fronte
1065 460 1172 496 non
1185 441 1407 507 afficiant,

81 526 114 580 fi
133 527 214 579 cui
233 543 342 579 non
371 522 633 594 splendore
663 537 712 574 et
734 524 913 574 merito
937 521 1027 574 suo
1060 522 1241 574 oculos
1266 538 1406 592 prae-

80 606 332 675 stringant,
354 619 463 655 non
483 601 650 666 video,
672 597 758 670 qul
779 617 982 653 movere
1005 601 1138 652 hunc
1156 617 1265 652 non
1288 599 1407 653 dico

82 701 219 748 mea,
254 698 378 752 quae
407 679 538 733 nulla
562 681 656 745 est,
694 677 776 731 sed
799 678 1080 732 disertiffimi
1117 695 1265 747 atque
1299 678 1409 730 elo-

81 758 384 831 quentiffimi
405 757 639 828 cujusque
659 757 820 810 oratio
841 756 1003 827 poffit.
1076 758 1242 825 Atque
1258 770 1316 808 ut
1326 757 1409 808 Li·

79 840 235 903 vium,
257 838 322 891 de
345 855 450 906 quo
474 836 675 908 praestat
697 836 906 889 omnino
929 835 1063 901 nihil,
1083 852 1231 903 quam
1251 852 1411 905 pauca

80 917 254 988 loqui,
289 917 566 978 mittamu3‚
606 915 770 979 eccui,
810 913 1020 983 quaeso,
1059 915 1290 983 ignotum
1325 913 1410 979 est,

82 1013 235 1067 quam
270 1012 478 1064 magnus
511 993 587 1045 vir
622 994 868 1046 Sertorius
902 992 1082 1046 fuerit?
1125 1009 1273 1061 quam
1305 1008 1412 1044 ma-

82 1091 244 1147 gnum
275 1074 379 1139 ejus
413 1073 465 1125 in
500 1074 722 1125 Romana
755 1072 949 1124 historia
985 1075 1209 1124 nomen?
1253 1087 1410 1140 quam

83 1169 260 1223 magna
288 1151 354 1204 de
385 1152 489 1217 ejus
521 1151 731 1215 virtute,
766 1165 818 1203 et
847 1148 1061 1202 bellandi
1082 1148 1271 1201 scientia
1297 1149 1412 1219 opi-

83 1232 208 1286 nio?
249 1230 402 1298 Atqui
426 1229 490 1283 de
522 1229 633 1294 tali,
667 1241 911 1296 tantoque
932 1227 1042 1280 viro
1078 1244 1235 1296 quum
1258 1227 1415 1280 multa

84 1311 185 1378 jam
217 1308 277 1360 ab
306 1308 446 1360 initio
467 1310 622 1378 primo
647 1325 735 1377 per
769 1306 1114 1373 ignobilitatem,
1152 1306 1299 1357 deinde
1324 1324 1414 1376 per

85 1387 293 1441 invidiam
299 1385 577 1459 scriptorum
597 1386 735 1437 celata
741 1383 867 1457 sunt,
903 1398 960 1435 ut
979 1383 1135 1434 scribit
1157 1382 1416 1448 Sallustius,

86 1482 196 1520 tum
229 1465 280 1516 in
312 1464 596 1533 postumam
629 1461 734 1527 ejus
774 1460 951 1513 famam
985 1461 1176 1513 videtur
1212 1460 1418 1514 voluisse

87 1545 235 1603 etiam
249 1540 440 1611 graffiri
462 1540 679 1604 fortuna,
695 1556 870 1608 quum,
893 1557 1023 1609 quae
1037 1538 1100 1590 de
1122 1557 1203 1602 e0,
1223 1555 1280 1591 ut
1296 1540 1419 1592 alios

87 1637 418 1696 praeteream,
451 1617 816 1672 immortalitate
840 1618 1003 1688 dignis
1031 1617 1297 1669 litterarum
1315 1615 1420 1669 sua-

87 1719 201 1756 rum
223 1696 565 1752 monumentis
588 1697 856 1763 SallustiuS,
894 1712 944 1749 et
965 1694 1137 1752 Livius
1159 1695 1421 1749 mandave-

88 1796 226 1845 rant,
271 1795 326 1830 ea
354 1775 419 1827 de
449 1774 620 1827 medio
653 1775 852 1846 prorsus
885 1774 1135 1828 sustulerit.
1223 1772 1420 1836 Quanti

90 1858 244 1929 igitur
262 1855 367 1908 hoc
388 1851 800 1920 ἀπο-πεισμάτων
819 1851 1104 1903 faciendum
1124 1852 1207 1916 est,
1230 1852 1283 1903 in
1305 1868 1416 1919 quo

89 1952 192 1990 tam
214 1931 478 2002 ceteroqui
501 1929 674 2002 pusillo
689 1969 702 1993 ,
747 1945 914 1982 tamen
935 1943 1034 1981 tam
1058 1929 1213 1980 multa
1238 1928 1302 1980 de
1321 1929 1419 1981 ho-

93 2015 232 2072 mine
251 2012 336 2065 illo
359 2010 697 2081 explicantur,
738 2007 916 2060 nullius
950 2007 1112 2059 adhuc
1137 2005 1224 2076 qui
1248 2007 1418 2072 exstet,

93 2109 351 2166 quemque
372 2087 608 2159 equidem
619 2086 841 2152 viderim,
861 2084 1128 2156 scriptione
1148 2084 1384 2155 cognita?

212 2251 382 2320 Atque
402 2245 524 2300 haec
546 2244 752 2315 quidem
771 2261 869 2309 res,
887 2242 967 2296 vel
988 2240 1021 2295 fi
1043 2259 1142 2294 una
1163 2240 1295 2305 esset,
1315 2257 1423 2293 me-

94 2329 298 2383 hercule
317 2340 497 2397 quanta
526 2325 674 2377 esset?
712 2323 810 2377 Sed
840 2323 926 2375 alia
956 2320 1154 2391 insuper
1181 2318 1424 2372 accedunt

95 2406 258 2461 nihilo
281 2405 474 2459 levioris
496 2403 764 2456 momenti:
803 2399 1039 2455 nonnulla
1062 2397 1299 2450 videlicet
1325 2412 1422 2449 no·

95 2487 227 2539 mina
265 2501 470 2548 eorum,
518 2483 603 2551 qui
634 2480 835 2534 Sertorii
866 2493 1028 2549 partes
1062 2475 1252 2546 sequuti
1293 2472 1423 2539 sunt,

97 2581 229 2634 quae
260 2562 404 2614 huius
440 2577 578 2612 nunc
603 2557 863 2627 fragmenti
893 2573 996 2626 ope
1024 2554 1076 2607 in
1104 2554 1268 2607 lucem
1300 2568 1423 2623 pro—

60 2697 63 2699 .
96 2642 270 2708 deum,
292 2639 479 2712 aliquot
499 2638 643 2693 etiam
664 2634 991 2708 oppidorum,
1015 2650 1071 2687 ae
1088 2630 1423 2761 populogtgxcrli.

1395 2724 1426 2761 e
