1747 3005
0 0 5 171 l

0 191 3 293 l
75 267 241 325 dubiis
256 267 383 321 locis
402 266 714 338 recognosci,
739 284 795 320 ac
811 268 1056 339 praeclare
1077 264 1222 339 politi
1243 284 1268 320 a
1287 266 1402 320 stre·

0 323 2 417 l
80 348 191 401 uuis
220 347 332 399 viris
363 346 553 400 labores
585 345 827 418 speratum
859 347 1046 399 exitum
1067 344 1272 399 nancisci
1301 362 1400 417 po·

0 430 1 500 l
80 440 298 480 ruerunt.
1418 422 1422 426 ’

0 512 1 566 j
192 503 330 555 Haec
349 501 517 573 paullo
538 501 751 566 fortasse,
775 520 920 573 quam
943 519 1072 572 opus
1097 515 1214 566 erat,
1247 499 1401 554 fufius

0 575 1 642 ἶ
82 579 250 633 censui
270 578 624 651 persequenda,
646 596 701 632 ut
723 580 754 632 fi
777 599 871 650 qua
885 596 947 633 ex
969 579 1113 646 hujus
1136 579 1402 648 fragmenti

84 657 301 716 lec'tione
335 659 539 724 utilitas,
584 657 618 710 s1
655 677 751 728 qua
789 658 1022 728 voluptas
1054 657 1107 710 in
1136 657 1406 713 doCtorum

83 735 307 789 virorum
326 736 680 808 rempublicam
703 736 1013 801 redundabit,
1036 753 1181 805 quam
1205 752 1312 787 non
1336 734 1406 787 le·

84 830 196 866 vem
221 829 480 884 utramque
501 814 712 867 futuram
738 831 980 885 auguror,
1015 814 1064 865 in
1088 831 1141 865 ea
1167 828 1406 883 quantum

82 892 205 944 viris
249 892 505 947 clariffimis
538 894 779 958 debeant,
826 893 961 959 juxta
991 910 1192 944 meeum
1224 908 1404 944 ornnes

83 968 372 1042 intelligant.

695 134 784 188 IX

662 1129 708 1198 §.
748 1129 842 1187 111,

228 1244 356 1315 Quid
372 1247 417 1297 in
439 1243 595 1297 edendo
608 1244 867 1318 fragmento
890 1241 1267 1316 praestitumfit?

84 1362 327 1479 'Verum
350 1367 471 1420 dum
504 1369 624 1420 haee
646 1369 776 1420 inter
806 1386 899 1420 eos
922 1381 1208 1438 agerentur,
1247 1385 1302 1418 ac
1327 1382 1408 1420 to-

221 1461 326 1497 tum
359 1462 519 1516 paene
547 1445 882 1515 fragmentum
913 1455 1176 1516 (quantum
1202 1444 1408 1514 quidem

85 1524 184 1596 legi
203 1523 393 1594 potuit:
430 1538 590 1599 cetera
613 1526 743 1576 enim
765 1526 973 1578 omnino
997 1523 1269 1575 oblitterata
1285 1521 1410 1590 sunt,

87 1602 342 1675 planeque
370 1601 434 1654 de
455 1619 629 1654 eorum
653 1602 866 1655 lectione
891 1602 1247 1656 conclamatum
1272 1599 1409 1652 vide-

88 1683 196 1742 tur)
215 1679 512 1749 descriptum
535 1679 667 1744 effer,
698 1698 815 1733 ecce
839 1680 929 1732 tibi
950 1699 1015 1732 ex
1039 1677 1303 1749 improviso
1325 1696 1411 1731 co·

90 1757 228 1811 aecus
263 1758 330 1808 est
358 1755 589 1809 Brunfius
621 1760 781 1810 Roma
816 1758 1066 1811 discedere
1099 1757 1156 1811 ad
1184 1756 1413 1824 reliquaS,

85 1852 220 1903 quae
251 1835 301 1887 in
336 1833 470 1887 Italia
502 1833 635 1898 sunt,
682 1835 1000 1886 bibliothecas
1032 1834 1411 1904 perlustrandas·

94 1913 243 1977 Quae
259 1928 338 1965 res
358 1910 535 1976 effecit,
552 1928 607 1963 ut
629 1910 808 1964 edendi
832 1913 1099 1976 consilium,
1124 1913 1260 1980 quod
1285 1910 1411 1963 inie-

90 2005 233 2055 rant,
270 2005 351 2043 aut
371 1989 711 2060 deponerent,
748 2005 830 2042 aut
861 1990 914 2043 in
941 1988 1068 2041 aliud
1100 2005 1295 2059 tempus
1320 1988 1409 2041 dif-

90 2068 300 2125 ferrent.v
344 2071 423 2122 Ae
445 2068 565 2136 quid
588 2066 817 2120 Brunfius
841 2067 1056 2120 facimus
1076 2066 1145 2132 fit,
1171 2068 1410 2134 quoniam

91 2148 135 2204 is
157 2148 308 2216 longe
331 2147 554 2214 gentium
575 2146 670 2212 jam
690 2146 843 2210 abest,
880 2145 1078 2217 prorsus
1101 2148 1311 2214 ignorm
1348 2143 1409 2196 ad

91 2221 490 2276 Giovenazzium
521 2223 726 2293 quidem
749 2239 882 2275 certe
902 2223 1042 2293 quod
1077 2223 1279 2286 attinet,
1310 2218 1410 2274 five

94 2301 197 2358 aliis
227 2301 374 2353 rebus
408 2301 672 2366 distentus,
711 2301 806 2354 five
825 2318 882 2353 ut
904 2302 1028 2355 solet
1056 2302 1104 2353 in
1127 2301 1202 2352 his
1229 2298 1410 2365 studiis,

94 2396 161 2431 ex
193 2393 357 2431 vetere
388 2378 499 2442 illo,
535 2395 590 2431 ut
620 2378 819 2447 quidem
844 2379 1061 2445 videtur,
1103 2379 1412 2448 Pythagorae

94 2454 216 2510 scito
240 2455 370 2525 apud
382 2457 697 2521 Ciceronem,
710 2457 962 2510 honestam
989 2456 1251 2526 quamdam
1274 2457 1412 2525 inge-

20 2580 31 2590 χ
93 2550 202 2590 nuo
228 2532 434 2586 homine
445 2534 645 2603 dignam
660 2535 968 2604 voluptatem
981 2534 1413 2603 consecrarifflrae-

98 2624 239 2685 terea⁴
260 2609 403 2678 nihil,
437 2611 501 2665 de
534 2612 734 2666 edendo
767 2612 968 2682 quidem
991 2610 1111 2666 nihil
1135 2612 1294 2666 modo
1326 2630 1414 2663 co·-

789 2692 834 2743 A
869 2709 901 2762 5
1214 2689 1410 2759 girabat.
