1747 3005
633 134 873 191 XXXV

87 285 263 326 rorum
297 269 567 325 inveterato
590 267 775 337 jamdiu
807 270 1140 341 praejudicio,
1179 272 1320 328 aliter
1353 277 1419 331 de

89 365 205 404 toto
248 350 347 402 hoc
381 367 564 419 genere
606 350 1010 403 constituendum
1051 352 1146 404 effe
1184 354 1419 420 videatur,

89 445 146 480 es«.
173 427 279 481 satis
304 428 499 481 habebo
536 428 821 492 ostendere,
860 446 968 481 non
1004 433 1164 483 modo
1188 433 1240 484 in
1267 451 1418 502 quam

86 506 191 559 dixi
221 522 454 571 aetatem,
502 505 583 558 sed
618 507 670 558 in
701 504 977 577 superiores
1016 510 1160 560 etiam
1196 527 1418 565 veterum

85 583 327 654 lapidum,
381 600 431 636 et
471 582 764 654 scriptorum
801 585 1090 639 testimonio
1132 591 1418 643 convenire.

75 661 226 717 ,Haec
249 664 396 733 igitur
427 661 486 713 ad
512 663 646 715 hunc
677 662 917 720 modum3
953 665 1135 717 deinde
1169 667 1250 734 qui
1293 669 1419 720 mul-

82 755 256 794 torum
281 739 422 810 saepe
444 739 590 793 fidem
617 743 881 810 requirere,
903 744 1175 796 multorum
1200 746 1418 800 studium

83 836 236 889 atque
265 819 550 871 industriam
595 820 648 872 in
683 819 756 872 his
798 821 1038 873 vetustatis
1072 823 1291 891 reliquiis
1331 825 1416 876 de-

86 897 386 958 scribendis,
422 914 573 967 atque
605 897 809 950 edendis
837 899 1091 963 consuevi,
1128 919 1231 953 non
1273 919 1417 955 corn-

85 979 291 1041 mittam,
323 991 381 1028 ut
403 977 524 1029 mihi
549 975 651 1048 ipse
675 977 962 1047 aliquando,
996 979 1320 1045 exolescente,
1358 996 1418 1034 ut

72 1054 167 1120 fit,
206 1057 256 1107 in
276 1054 381 1107 dies
400 1055 575 1107 harum
600 1072 766 1108 rerum
797 1058 1065 1122 memori-a,
1102 1075 1182 1110 aut
1202 1061 1322 1123 aiis,
1363 1060 1418 1113 in

82 1151 305 1204 quorum
329 1133 450 1186 haec
474 1151 646 1187 manus
679 1136 999 1205 pervenient,
1034 1137 1288 1189 accusandi
1316 1137 1417 1189 mei

83 1211 293 1266 cauffiim
325 1212 458 1264 dem.
540 1214 710 1282 ltaque
743 1212 893 1265 visum
925 1215 993 1266 est
1026 1232 1079 1267 ea
1102 1215 1283 1284 pariter
1308 1233 1418 1268 non

81 1291 503 1362 praetermittere,
534 1309 658 1359 quae
677 1291 756 1347 τΞς
776 1286 1013 1356 adradunt
1037 1292 1155 1344 loco
1179 1293 1272 1345 effe
1305 1294 1420 1363 pos.

0 1409 1 1415 ,
81 1367 201 1435 fint,
239 1386 464 1438 quaeque
487 1366 518 1419 fi
545 1373 603 1421 ab
625 1370 918 1439 apographo
944 1369 1209 1438 exspecieS,
1244 1390 1419 1440 quam-

0 1444 1 1509 ἶ
83 1447 201 1501 libet
222 1448 401 1516 alioqui
433 1464 605 1516 magna
637 1465 778 1512 cura,
815 1465 870 1500 ac
893 1447 1141 1517 diligentia
1168 1450 1417 1519 exprcil‘o,

0 1518 2 1575 l
81 1541 260 1597 quanta
284 1525 387 1578 hoc
411 1542 549 1577 certe
584 1527 677 1589 est,
719 1525 889 1578 frustra
924 1525 1203 1596 exspecte53
1245 1530 1417 1597 quain

0 1579 4 1719 ι
74 1621 139 1662 ,re
169 1604 304 1657 velut
334 1602 478 1674 periti
504 1604 860 1656 ratiocinatoris
897 1605 1161 1671 vitiorum,
1203 1624 1329 1675 quae
1364 1609 1418 1660 in

0 1722 5 1759 ,
84 1682 270 1754 scripto
300 1681 609 1746 insederunt,
647 1683 863 1753 partibus
896 1681 1096 1752 fungar,
1137 1700 1191 1736 ut
1215 1685 1419 1751 quaein

0 1764 6 1891 Ι
85 1760 151 1815 eo
173 1778 371 1832 peccata
402 1778 426 1811 a
457 1777 665 1829 quoque
689 1759 806 1825 lint,
836 1759 933 1812 five
953 1762 994 1813 is
1022 1763 1297 1832 antiquior,
1336 1763 1418 1815 seu

81 1839 337 1892 recentior
360 1838 576 1890 librarius
606 1837 783 1903 fuerit,
823 1837 917 1889 live
940 1856 1148 1909 operae,
1186 1859 1312 1909 quae
1335 1842 1418 1894 Li-

0 1894 6 2011 !
85 1919 245 1972 vianas
268 1915 463 1969 schedas
484 1917 542 1968 ad
568 1934 751 1968 novam
775 1915 919 1968 libelli
953 1916 1142 1970 molem
1172 1934 1419 1986 aptarunt,

0 2017 30 2074 ἶ,
83 1995 180 2050 five
202 1997 407 2066 iplarum
435 1995 652 2065 denique
678 1993 961 2046 schedarum
989 1997 1309 2066 longaevitaS,
1341 1997 1419 2050 sua

0 2077 7 2131 l
84 2072 365 2146 quibusque
395 2090 594 2145 accepta
617 2072 855 2129 referam;
898 2072 1134 2143 sequutus
1162 2075 1253 2127 hac
1280 2092 1419 2145 parte

0 2134 5 2211 l
84 2150 493 2224 ampliffimorum
528 2153 748 2205 virorum
785 2151 1148 2220 aucstoritatem,
1189 2172 1419 2224 magnam

0 2218 3 2280 l
85 2231 289 2303 quidem
310 2228 442 2301 apud
461 2248 559 2296 me,
591 2247 641 2282 et
662 2232 714 2282 in
739 2229 905 2300 primi<
930 2249 1158 2300 gravem,
1190 2232 1296 2285 Ioh.
1319 2233 1419 2285 Ca-

0 2290 4 2375 l
56 2352 60 2355 .
83 2309 231 2378 jetani
252 2310 471 2375 Bottarii,
495 2324 545 2360 et
572 2308 702 2362 Petri
725 2307 956 2362 Francisci
976 2310 1226 2379 Fogginii,
1252 2314 1337 2379 qui
1361 2310 1418 2364 in

0 2378 4 2414 ¹
84 2387 296 2458 Vergilii
316 2386 674 2458 exemplaribus
695 2387 959 2453 Vaticano,
992 2406 1049 2440 ac
1069 2389 1296 2441 Mediceo
1322 2388 1419 2441 suis

0 2418 10 2545 l
85 2465 237 2532 hujus
260 2467 461 2536 generis
487 2466 698 2518 maxima
728 2463 932 2518 minima
964 2466 1296 2537 persequenda
1334 2466 1419 2521 fibi

0 2554 14 2672 ξ
83 2543 183 2597 esse
206 2542 510 2597 censuerunt.
590 2542 730 2615 Qid
755 2545 849 2596 ita?
886 2543 1045 2618 Qod
1079 2563 1186 2598 non
1219 2545 1422 2616 ignora-

0 2633 9 2703 ὲ
56 2672 61 2676 r
85 2621 209 2677 bant
228 2619 427 2690 scilicet,
439 2621 756 2696 experiundo
774 2621 936 2689 etiam,
958 2640 1013 2679 vt
1033 2624 1234 2697 opinor,
1250 2619 1421 2692 (quod

0 2720 9 2831 l
712 2702 761 2754 C
803 2718 838 2757 2
1235 2717 1418 2758 eorum

0 2840 13 3005 ἰ
