1763 3021
862 158 1088 214 LXXII

326 300 413 363 cit,
445 296 541 350 dein
572 297 744 349 remotis
773 297 958 347 omnium
993 296 1137 366 equis,
1165 301 1253 367 q'uo
1278 292 1494 348 militibus<
1510 300 1637 345 exae-

326 387 465 452 quato
485 374 682 447 periculo
713 376 875 427 animus
895 374 1085 442 amplior
1105 368 1224 446 effet,
1259 371 1350 446 ipse
1360 372 1491 444 pedes
1519 389 1639 424 exer·
1700 382 1707 388 ”

329 458 460 509 citum
488 472 578 524 pro
612 452 732 516 loco,
769 461 898 523 atque
930 453 1067 519 copiis
1091 450 1289 522 instrui&
1327 450 1410 501 ubi
1439 447 1642 502 militibus

329 531 512 603 pariter
545 546 640 599 pro
665 527 890 599 peditatu
923 528 1260 593 accipiendum
1294 542 1447 597 puto:
1491 541 1541 577 et
1564 544 1642 577 ex-

330 619 518 682 aequato
545 608 740 680 periculo
782 623 896 658 cum
940 605 1100 667 addit,
1145 598 1531 657 subaudiendum
1575 603 1645 656 est

331 705 449 741 cum
470 687 541 748 iis,
578 687 753 753 quibus
773 701 933 752 equus
958 683 1137 736 ablatus
1160 697 1272 734 erat.
1342 684 1645 749 Quanquam

334 781 443 818 non
468 782 530 816 co
555 762 749 827 inficiaS,
762 761 989 814 hocloco
1012 761 1247 831 pleraque
1260 759 1468 812 Sallustii
1482 776 1648 810 exem-

334 842 478 914 plaria
500 841 717 912 peditibus
739 840 1006 909 praeferre;
1052 855 1221 889 verum
1255 855 1316 890 ex
1341 835 1648 907 superiorum

337 918 547 973 Caesaris
582 936 636 971 ac
662 919 782 971 Livii
812 917 1039 969 locorum
1069 915 1376 985 appositione
1411 912 1531 983 quid
1567 913 1651 965 hic

325 999 481 1051 etiam
503 995 807 1065 sequendum
833 993 914 1057 fit,
951 994 1154 1064 opinor,
1187 991 1491 1064 perspicitur.
1571 994 1652 1045 Ac

337 1074 554 1146 potuifl'e
584 1073 798 1143 peditibus
830 1091 855 1124 a
877 1071 1093 1124 Sallustio
1126 1071 1276 1141 poni,
1310 1087 1417 1122 non
1449 1067 1654 1121 difficul-

338 1168 414 1205 ter
436 1151 685 1208 adducor3
725 1166 772 1202 at
791 1148 1005 1220 potuisse
1029 1150 1228 1201 alterum
1251 1146 1370 1200 illud
1404 1145 1607 1218 perinde
1627 1163 1655 1199 a

331 1230 564 1293 librariis,
595 1246 678 1281 aut
711 1226 1111 1281 emendatoribus
1143 1224 1413 1296 proficisci,
1449 1224 1501 1276 id
1534 1240 1656 1276 vero

329 1324 482 1376 ,aegre
507 1307 743 1360 adducar:
786 1302 1085 1357 dociiuscule
1116 1305 1244 1356 enim
1276 1302 1491 1373 politum
1524 1301 1659 1353 vide·
1732 1300 1735 1306 ’

342 1399 447 1447 tur,
489 1400 632 1451 quarn
660 1400 716 1434 ut
748 1383 805 1435 ab
831 1382 995 1448 aliquo
1030 1382 1232 1434 istorum
1258 1382 1308 1433 in
1330 1394 1520 1433 textum
1549 1396 1659 1432 ven

342 1462 522 1515 borum
549 1460 744 1512 Saliustii
768 1458 922 1526 recipi
950 1459 1183 1527 potuerit.

454 1537 914 1605 VACREORVM)
948 1535 1439 1589 VACCAEORVM
1474 1533 1662 1587 veritati

344 1615 559 1668 omnino
586 1615 962 1666 consentaneum
988 1612 1149 1668 duco;
1184 1628 1266 1664 aut
1289 1611 1431 1681 quod
1450 1611 1662 1681 propius

346 1693 408 1745 ab
443 1692 690 1761 archetypi
716 1689 945 1760 scriptura
976 1689 1164 1741 recedit
1194 1689 1662 1744 VACAEORVM.

345 1771 497 1823 Error
519 1784 657 1821 ortus
680 1786 740 1820 ex
762 1766 1070 1821 fimilitudine
1091 1782 1139 1818 et
1157 1767 1527 1837 propinquitate
1546 1765 1664 1820 dua·

346 1865 458 1900 rum
480 1846 748 1898 litterarum
772 1851 819 1899 Λ
844 1860 895 1898 et
917 1848 984 1910 R,
1026 1862 1230 1913 quarum
1255 1862 1401 1912 quam
1423 1844 1564 1897 facile
1595 1843 1664 1897 al·-

347 1939 448 1977 tera
473 1926 525 1976 in
551 1923 748 1975 alteram
782 1925 986 1993 migret,
1023 1936 1136 1974 cum
1163 1923 1320 1989 quivis
1355 1921 1518 1985 videt,
1554 1913 1664 1975 t'um

348 2002 495 2066 hujus
510 2002 702 2072 generis
727 2001 824 2052 aliis
847 2000 1038 2052 mendis
1061 1998 1276 2052 indicatis
1294 2018 1349 2051 ac
1371 1999 1558 2052 sublatis
1573 1999 1663 2052 do-
1738 2031 1742 2037 2

341 2081 542 2132 cuiinus
566 2081 615 2130 in
635 2081 776 2130 citata
799 2077 1142 2130 lucubratione
1170 2076 1234 2128 de
1257 2079 1432 2132 VRBE
1459 2078 1665 2132 AVElA
1736 2080 1740 2117 ἓ

349 2175 458 2229 pag.
485 2173 590 2209 Lxx
611 2173 661 2207 et
686 2156 829 2208 Lxxl.

472 2232 878 2293 VMCONVM)
906 2231 1305 2286 VASCONVM·
1335 2230 1427 2296 jam
1461 2230 1576 2284 inde
1607 2232 1666 2284 ab

341 2309 493 2365 *initio
518 2307 619 2360 sum
649 2308 906 2378 opinatus,
942 2327 1040 2376 qua
1061 2309 1109 2359 in
1134 2309 1374 2377 opinione
1396 2326 1486 2360 cur
1509 2309 1670 2362 adhuc

342 2385 680 2457 perseverem,
716 2386 898 2438 caussae
920 2386 1098 2439 multae
1117 2385 1316 2437 faciunt.
1400 2391 1479 2439 Ac
1501 2389 1668 2456 primo

353 2463 458 2516 fieri
485 2463 720 2530 quidem,
755 2462 918 2531 (quod
945 2465 1021 2515 vix
1048 2478 1213 2514 tamen
1235 2466 1417 2532 puto),
1454 2464 1536 2516 sed
1562 2464 1671 2517 fieri

338 2540 677 2599 „nihilominus
711 2540 899 2608 potest,
937 2556 993 2591 ut
1031 2539 1208 2606 quibus
1243 2539 1366 2591 visus
1406 2541 1671 2593 oculorum

355 2618 514 2673 acrior
551 2615 632 2682 fit,
677 2617 965 2671 VASCON
974 2619 1075 2671 VM
1099 2618 1153 2669 in
1184 2617 1478 2670 membranis
1510 2619 1673 2688 legant
1743 2646 1747 2651 ‚

1571 2712 1670 2771 Pro
1748 2762 1752 2772 .
