1779 2941
933 116 1081 170 VIII

356 243 636 306 redderent,
669 243 768 296 aliis
791 241 932 314 super
954 247 1060 300 alias
1082 247 1269 315 additiS‚
1299 248 1498 316 deletis,
1534 270 1681 309 com.

357 321 579 377 mutatis;
632 339 759 388 quae
795 323 996 390 quidem
1043 325 1262 392 chartae,
1314 347 1470 398 quum
1509 348 1679 389 totum

355 414 518 469 paene
543 398 870 466 fragmentum
893 402 1101 453 mandari
1123 405 1231 472 ipsis
1255 410 1500 476 potuisset,
1514 427 1680 468 tamen

357 476 448 528 vix
478 476 588 541 uni,
632 477 891 546 alterique,
931 496 1044 530 raro
1077 481 1295 547 pluribus
1323 488 1562 542 ‘verticulis
1595 492 1679 546 eli-

357 553 545 605 ciendis
579 569 724 622 atque
749 556 974 608 eruendis
998 556 1099 608 usui
1123 558 1330 615 fuerant.

474 630 572 682 Sed
604 631 726 701 quid
751 634 970 703 pluribus
995 653 1097 686 rem
1134 639 1433 708 persequor?
1469 646 1590 698 Sane
1614 667 1679 703 ne

359 707 423 761 fic
447 708 645 776 quidem
682 710 928 780 proficere
959 711 1005 763 se
1032 714 1174 767 valde
1204 717 1559 790 intelligebant,
1602 726 1680 782 sed

361 802 445 839 aut
467 786 667 852 diutim,
692 806 835 857 quam
858 790 1104 858 utriusque
1128 808 1348 865 tempora
1363 802 1691 872 patiebantur,

359 865 415 916 in
438 881 570 932 opus
592 866 675 918 fibi
702 865 795 917 esse
813 866 1231 936 incumbendum,
1273 891 1354 927 aut
1373 880 1585 934 omnino
1617 884 1683 939 de

362 940 576 1006 ejusdem
632 943 930 997 absolutione
981 961 1030 997 et
1074 948 1381 1017 perfectione
1419 956 1682 1027 desperan-

361 1019 500 1070 dum.
578 1022 711 1072 Dum
750 1023 881 1074 enim
915 1026 1100 1076 centies
1132 1029 1313 1083 eodem
1345 1034 1589 1106 redirent,
1624 1057 1682 1094 ac

361 1095 555 1165 Sisyphi
579 1099 824 1167 exemplo,
861 1101 1040 1153 iterum
1062 1102 1342 1176 iterumque
1363 1111 1495 1164 idem
1519 1115 1683 1171 saxum

362 1173 634 1242 vermem,
674 1175 796 1227 dum
829 1178 1020 1230 alternis
1044 1184 1348 1238 membranas
1372 1189 1683 1261 inspicerent,

361 1252 556 1304 alternis
582 1253 814 1322 legerent,
852 1257 1046 1308 alternis
1070 1258 1186 1312 leeia
1212 1265 1512 1336 exciperent,
1543 1272 1687 1341 dum,

363 1343 422 1380 ut
455 1328 506 1379 in
542 1347 593 1380 re
618 1347 861 1397 praeterea
898 1334 1068 1398 taedii,
1098 1337 1302 1406 laboriS,
1341 1362 1398 1396 ac
1426 1346 1685 1404 difficulta-

363 1406 424 1458 tis
446 1406 736 1475 pleniffima,
777 1409 990 1462 animum
1015 1412 1219 1467 subinde
1240 1419 1299 1470 ab
1320 1440 1478 1487 opere
1498 1445 1684 1481 averte·-

363 1500 502 1546 rent‚
543 1499 692 1552 atque
720 1486 849 1538 ultro
885 1489 985 1540 huc
1017 1490 1127 1542 iIIuc
1158 1493 1463 1564 aberrarent,
1501 1505 1683 1559 mirum

362 1577 606 1629 quantum
631 1565 873 1632 temporis
898 1564 1141 1620 effluebat.
1209 1574 1557 1635 Quamobrem
1582 1585 1683 1636 hoc

365 1639 567 1690 tandem
591 1641 717 1693 inter
739 1640 786 1692 se
816 1643 1071 1696 confilium
1092 1647 1329 1717 inierunt,
1371 1671 1428 1706 ut
1457 1662 1685 1727 quando-

364 1715 568 1790 quidem
595 1717 937 1773 Giovenazzio
971 1740 1076 1775 non
1108 1726 1174 1777 ita
1204 1726 1494 1799 frequenter
1516 1739 1575 1790 ad
1608 1740 1685 1791 bi-

363 1793 662 1848 inothecam
687 1798 915 1849 accedere
937 1817 1026 1868 per
1049 1809 1405 1874 occupationes
1440 1812 1544 1867 suas
1568 1817 1683 1869 lice-

363 1872 462 1933 bat,
491 1890 585 1924 nec
606 1872 811 1926 ssrunfio
834 1893 925 1944 per
948 1875 1047 1929 suas
1069 1879 1249 1934 diutius
1267 1887 1318 1938 in
1338 1888 1397 1940 iis
1418 1891 1682 1959 immorari,

359 1948 447 2002 hic
481 1950 681 2017 quidem
718 1950 1147 2009 describendarum
1181 1976 1454 2035 utcumque
1484 1971 1680 2024 scheda-

362 2042 474 2078 rum
499 2043 659 2096 partes
682 2029 730 2079 in
750 2028 795 2080 se
817 2027 1088 2101 susciperet,
1119 2035 1241 2090 alter
1261 2041 1606 2116 descriptarum
1629 2051 1681 2103 in

362 2103 493 2156 suam
529 2105 882 2173 integritatem,
930 2124 978 2160 et
1010 2111 1236 2169 lectionis
1267 2120 1512 2177 veritatem
1553 2128 1680 2179 resti-

363 2181 675 2233 tuendarum.
723 2184 789 2235 Ita
816 2199 865 2236 et
883 2187 1112 2242 Brunfius
1133 2211 1287 2262 quum
1308 2197 1554 2268 liberiore,
1577 2222 1679 2257 ma-

361 2258 530 2326 gisque
567 2258 732 2312 soluto
771 2263 964 2333 animo,
1006 2270 1150 2337 quod
1175 2272 1416 2345 reliquum
1450 2296 1549 2333 erat
1583 2281 1678 2334 fra-

364 2336 573 2404 gmenti,
607 2337 813 2406 legeret,
853 2356 903 2392 et
934 2342 1052 2396 alter
1075 2348 1134 2400 ad
1168 2354 1396 2406 matutini
1421 2361 1679 2429 tempori8‚

366 2431 472 2482 quo
491 2413 599 2465 solo
625 2415 923 2473 bibliotheca
943 2438 1104 2491 patet,
1140 2431 1472 2498 pomeridiani
1512 2455 1569 2489 ac
1593 2455 1678 2490 ve-

363 2489 556 2559 spertini
595 2510 797 2560 operam
832 2496 1146 2569 adjungeret,
1193 2507 1399 2562 celerius
1441 2531 1498 2565 ac
1533 2532 1679 2566 com-
1728 2506 1731 2508 i

361 2568 558 2621 modius
576 2568 729 2640 ipsum
751 2588 913 2626 totum
931 2575 1260 2648 fragmentum
1280 2585 1390 2658 legi,
1413 2591 1678 2659 emendari,

1511 2670 1676 2724 dubiis

1776 1266 1779 1348 1

1776 1413 1779 1483 1
