1763 3021
868 118 1138 176 XXXIV

338 259 402 314 ab
423 256 623 312 illorum
647 254 858 326 quidem
890 272 1180 327 temporum
1204 252 1564 311 consuetudine
1587 257 1675 311 ab&

339 340 540 401 horret,
584 336 888 406 primoribus
921 351 1115 388 tantum
1147 334 1314 387 litteris
1350 333 1673 404 significatum

339 416 412 470 fit.
495 413 643 469 Adde
680 415 954 478 AVLVM,
1008 414 1311 479 LVCWM,
1353 414 1674 478 PVBLIVM,

337 494 647 557 SEXUM,
670 508 727 545 ac
751 490 782 543 fi
810 491 1017 561 quaeriS,
1040 493 1275 545 TlTVM
1299 491 1448 544 etiam
1473 492 1523 543 in
1549 490 1672 557 ejus·

342 571 459 624 dein
496 571 708 623 Fabretti
747 572 1004 643 συναγωγῇ
1037 588 1145 639 cap.
1176 590 1220 634 1,
1241 587 1291 625 n.
1321 588 1442 638 141,
1467 583 1518 622 et
1538 567 1673 642 apud

343 667 427 702 me
455 649 505 700 in
533 650 878 702 lucubratione
904 650 968 701 de
992 651 1169 703 VRBE
1193 647 1399 701 AVElA
1433 665 1543 719 pag.
1571 649 1676 718 Lxl,

343 745 495 797 quam
521 727 818 798 postremam
841 728 1220 798 inscriptionem,
1245 741 1486 796 quantum
1511 744 1573 780 ex
1596 727 1675 780 lit-

346 822 562 858 terarum
605 806 1011 859 conformatione
1051 805 1388 875 elegantiaque
1422 805 1674 871 conjicere

341 884 542 950 licebat,
584 901 680 935 nec
715 886 846 936 enim
869 882 1013 936 semel
1045 902 1151 936 eam
1173 883 1443 948 Amiterni,
1481 899 1576 935 nec
1598 885 1674 937 in-

341 961 530 1015 curiose
557 963 762 1014 memini
795 963 1058 1033 inspicere,
1095 960 1241 1014 facile
1273 960 1573 1026 adducebar,
1614 976 1675 1016 ut

338 1038 482 1110 ipfius
517 1041 722 1110 Augusti
763 1040 1044 1111 principatu
1080 1039 1286 1110 positam
1332 1040 1671 1094 existimarem.

342 1118 601 1180 Quorsum
628 1119 744 1170 haec
770 1118 833 1171 de
856 1119 992 1172 notis
1018 1120 1430 1190 praenominum,
1460 1117 1674 1188 inquieS‚

340 1211 439 1249 tarn
462 1196 612 1266 longe
638 1197 840 1268 repetita
862 1196 1154 1266 disputatio?
1198 1197 1445 1249 Videlicet
1467 1213 1532 1249 ne
1556 1198 1670 1266 quis

337 1274 474 1328 forte
505 1274 574 1336 lit,
612 1277 690 1327 cui
714 1276 894 1327 mirum
917 1275 1149 1335 videatur,
1191 1275 1337 1328 ΤΙΤΙ
1360 1291 1674 1345 praenomen

334 1353 387 1405 in
421 1352 494 1403 his
528 1353 825 1404 membranis
862 1353 1185 1423 peiscriptum
1210 1352 1380 1418 fuiffe,
1415 1370 1575 1423 eaque
1604 1353 1671 1408 de

334 1428 493 1482 causta
515 1430 831 1482 retrahendas
854 1448 933 1484 eas
959 1431 1017 1481 ad
1047 1431 1234 1502 multo,
1273 1448 1426 1500 quam
1446 1431 1588 1497 cujus
1611 1448 1668 1486 re

335 1507 435 1579 ipsa
461 1509 594 1574 sunt,
637 1508 866 1560 videntur
898 1508 1102 1578 quidem
1135 1524 1294 1572 certe,
1333 1511 1668 1564 recentiorem

338 1602 542 1639 aetatem
566 1601 725 1656 putet.
804 1589 878 1641 Vt
913 1587 1049 1639 enim
1074 1586 1178 1638 hoc
1200 1587 1362 1640 obiter
1382 1604 1518 1639 nunc
1540 1588 1672 1642 dica·

339 1680 435 1724 tur,
459 1667 841 1717 Antoninorum
862 1682 943 1718 eas
968 1664 1294 1735 temporibuS,
1313 1679 1411 1729 aut,
1430 1682 1581 1735 quam
1601 1664 1675 1720 se.

337 1739 577 1795 rislimum
607 1741 656 1794 id
678 1741 838 1804 fuerit,
860 1742 934 1807 iis,
956 1760 1084 1812 quae
1108 1742 1430 1796 Constantini
1447 1748 1519 1797 Μ.
1539 1744 1674 1815 prin·

339 1821 552 1890 cipatum
583 1822 813 1890 proxime
843 1820 1224 1886 antecesserunt,
1259 1819 1453 1891 scriptas
1484 1822 1671 1892 opinor

336 1897 502 1955 fuisse3
539 1915 686 1968 quam
711 1898 1006 1969 opinionem
1031 1915 1119 1951 cur
1138 1897 1320 1968 sequar,
1342 1897 1525 1952 caussae
1545 1900 1670 1954 mul-

337 1993 418 2029 tae
441 1975 563 2041 sunt,
590 1993 680 2028 cur
701 1975 937 2048 abjiciam,
969 1976 1130 2029 adhuc
1153 1975 1304 2029 nulla.
1385 1976 1485 2031 Sed
1506 1977 1670 2035 obiter

337 2055 460 2107 haec
482 2054 642 2107 modo
657 2093 671 2118 ‚
704 2069 760 2106 ut
783 2054 902 2107 dixi:
942 2055 1204 2127 proprium
1226 2053 1362 2107 enim
1384 2054 1554 2110 locum
1577 2056 1670 2111 de-
1720 2052 1727 2056 ’

337 2131 579 2198 siderant,
617 2149 714 2185 nec
744 2133 806 2184 ita
831 2132 1001 2203 paucis
1032 2133 1195 2186 verbis
1229 2131 1412 2186 absolvi
1445 2134 1672 2203 poffunt,

336 2228 432 2263 nec
464 2210 633 2262 multis
672 2227 808 2262 nunc
840 2227 989 2263 vacat.
1076 2212 1252 2281 Itaque
1288 2210 1510 2283 pluribus
1536 2212 1670 2270 infra

334 2287 556 2354 fortaffe,
590 2285 624 2338 fi
646 2305 738 2359 per
758 2288 956 2359 tempus
991 2289 1183 2347 licebit;
1221 2288 1291 2342 fin
1314 2291 1477 2344 minus
1489 2330 1505 2356 ,
1545 2291 1668 2346 haec

335 2367 500 2420 omnis
538 2365 760 2419 tradatio
806 2366 860 2419 in
892 2366 1116 2438 praesens
1153 2367 1360 2436 quidem
1393 2368 1668 2438 omittetur,

335 2458 422 2499 aut
454 2459 589 2497 certe
621 2444 672 2496 in
705 2443 836 2496 aliud
870 2461 1070 2517 tempus
1101 2443 1366 2502 differetur.
1440 2440 1667 2503 Tantum

336 2520 373 2574 fi
397 2539 494 2591 qua
517 2522 755 2592 deinceps
769 2519 1202 2594 αὐτοσχεδιάζοντι,
1217 2524 1297 2590 (ut
1310 2523 1504 2578 necesse
1526 2543 1667 2580 nunc

330 2600 539 2672 quidem
559 2600 667 2667 est),
699 2617 983 2672 occurrent,
1017 2619 1080 2658 ex
1101 2602 1280 2675 quibus
1301 2601 1572 2658 donorum
1594 2605 1665 2658 vi·
1721 2663 1726 2677 ¹

1484 2696 1659 2739 forum
