1747 3005
577 122 897 183 LXXXIII

64 259 211 318 rietes
231 265 499 318 innumero
521 261 899 334 inscriptionum
914 277 1130 315 numero
1147 260 1286 314 unde
1305 277 1397 317 un·

65 342 131 403 de
144 341 534 412 conquifitarurn
552 359 811 395 exornare.
852 340 1016 413 Qod
1044 340 1288 394 eruditum
1311 357 1398 392 or-

65 437 419 474 namentorum
442 437 614 492 geum,
653 438 758 490 quo
781 419 993 472 maxima
1018 436 1126 489 pars
1147 418 1272 471 illius
1294 436 1396 471 arn-

65 499 275 566 bulacri,
327 518 436 570 quo
472 501 520 552 in
563 498 688 552 Bibl.
722 496 959 568 ingressus
996 514 1153 568 patet,
1205 514 1394 550 conve-

62 577 162 631 stiri
188 579 373 647 coepit,
414 578 560 630 tacite
585 576 972 645 quodammodo
995 577 1184 641 invitat,
1215 593 1269 627 ac
1292 593 1395 627 ma-

62 673 134 709 nu
168 657 306 710 ducit
347 656 407 710 ad
442 658 649 727 propius
683 655 958 708 aedificium
994 672 1168 706 recens
1211 654 1396 706 exstru-

61 733 196 788 ‹stum
223 733 597 806 inspiciendum,
631 735 769 800 cujus
795 734 826 786 fi
849 732 1284 804 pulchritudinem,
1316 731 1395 783 di-

60 813 326 883 gnitatem,
361 814 656 879 majestatem
680 813 960 883 praedicare
985 810 1254 882 aggrediar,
1290 809 1394 862 dies

62 903 146 944 me
172 892 334 956 citius,
360 909 510 962 quam
535 893 679 945 verba
708 891 958 946 deficient.
1019 892 1084 943 lbi
1111 889 1395 951 columnae,

59 970 374 1036 emblemata,
410 988 580 1037 urnae,
618 986 910 1034 toreumata,
949 968 1247 1039 sarcophagi,
1280 984 1395 1020 can-

60 1044 286 1114 delabra,
323 1048 450 1120 ligna
473 1067 534 1102 ex
558 1067 830 1116 marmore,
868 1064 948 1100 aut
972 1065 1082 1101 aere
1107 1064 1269 1118 prope
1298 1044 1390 1115 spi-

58 1129 225 1192 rantia,
269 1127 629 1198 diligentiffime
650 1125 941 1197 conquifita,
966 1142 1017 1180 et
1040 1123 1393 1177 munificentis-

60 1205 179 1260 fime
228 1223 534 1277 comparata,
594 1207 778 1275 regiam
822 1205 1217 1258 CLEMENTIS
1258 1204 1393 1257 XIV.

0 1339 1 1348 ,
59 1283 474 1349 munificentiam,
513 1285 922 1354 optimatumque
956 1285 1131 1335 artium
1174 1282 1396 1353 patroci-

0 1357 2 1362 ’
59 1362 217 1427 nium,
244 1363 375 1434 apud
400 1363 764 1433 consequentes
791 1379 973 1414 omnes
999 1376 1175 1413 aetates
1201 1359 1396 1431 praedi-

0 1484 4 1509 ,
57 1443 260 1493 cabunt.
356 1444 500 1514 Qae
535 1442 704 1494 omnia
742 1457 898 1509 quum
932 1441 1063 1510 gesta
1097 1439 1156 1493 ab
1186 1457 1249 1492 eo
1286 1436 1394 1504 fint,

0 1514 5 1596 j
58 1536 169 1590 quo
194 1534 425 1590 tempore
449 1517 846 1589 gravissimorum
880 1520 1205 1588 negotiorum
1236 1515 1396 1581 mole,

0 1625 5 1645 l
59 1615 213 1668 quam
238 1599 369 1650 miro
385 1596 586 1669 prorsus
611 1597 843 1668 exemplo
869 1595 1100 1649 sustinere
1122 1596 1249 1650 solus
1275 1613 1395 1649 coe-

0 1676 7 1747 ξ·
61 1678 152 1749 pit,
188 1694 243 1728 ac
265 1693 425 1746 porro
448 1675 626 1746 pergit,
665 1692 855 1728 tantum
881 1692 988 1728 non
1014 1676 1083 1727 est
1116 1672 1395 1746 oppressus,

0 1769 3 1837 ‘s
63 1753 187 1825 quid
212 1772 327 1806 eum
353 1753 595 1807 faciurum
619 1753 714 1806 esse
744 1771 853 1806 non
873 1755 1188 1817 ominemur,
1222 1751 1254 1804 fi
1276 1770 1393 1806 coe·

0 1894 3 1900 ¹
62 1848 152 1907 pta
188 1832 446 1895 divinitu8‚
478 1849 534 1885 ac
565 1849 723 1903 paene
755 1832 848 1897 jam
873 1830 1074 1882 mirifica
1097 1831 1393 1883 dexteritate

64 1927 218 1980 atque
266 1909 475 1964 sollertia
517 1910 776 1981 profligata
822 1908 1017 1962 consilia
1063 1909 1123 1961 ad
1163 1924 1393 1979 optatum

59 1991 253 2043 exitum
271 1989 475 2042 tandem
498 1987 756 2059 aliquando
768 1987 1108 2041 adducentur?
1144 1989 1269 2060 Qo
1291 2004 1393 2040 ma-

11 2101 13 2107 ·
56 2069 144 2139 egis
171 2070 238 2122 D.
269 2069 337 2120 O.
362 2072 435 2122 M.
471 2068 616 2121 enixe
643 2065 972 2121 obsecrandus
996 2066 1091 2132 est,
1131 2081 1189 2118 ut
1218 2067 1394 2119 bono-

64 2164 179 2201 rum
204 2147 432 2199 omnium
464 2148 592 2199 votis
624 2146 841 2214 expetita
865 2145 1000 2199 beata
1034 2145 1154 2197 haec
1176 2143 1287 2197 dies
1311 2142 1396 2201 ali-

54 2224 269 2295 -quando
298 2223 570 2290 illucescat,
598 2243 654 2277 ac
676 2223 1114 2277 CLEMENTEM
1140 2223 1274 2277 XIV.
1308 2239 1396 2279 au·

65 2319 177 2356 reae
211 2304 375 2356 aetatis
410 2303 755 2367 conditorem,
785 2299 978 2366 salvum,
1014 2317 1162 2370 atque
1193 2299 1397 2353 incolu-

66 2398 207 2434 mem
230 2380 532 2434 Christianae
553 2398 608 2433 ac
634 2381 886 2433 litterariae
902 2379 1225 2450 Reipublicae
1250 2379 1397 2432 bono

15 2486 17 2490 ·
60 2475 225 2528 ‘quam
259 2457 519 2512 diutiffime
551 2458 823 2512 conservet.
910 2460 1145 2530 Sequitur
1175 2455 1398 2512 docstiffi-

69 2549 276 2595 morum
295 2537 560 2594 censorum
583 2537 832 2606 judicium.

695 2692 734 2749 F
765 2710 801 2750 2
1174 2692 1401 2748 Mmzdam

0 2638 8 2734 f
58 2644 60 2647 ,

0 2738 25 3005 ἰ
