1747 3005
716 139 786 197 15

86 274 178 314 me
210 271 423 318 tuarum
459 258 678 321 laudum
702 271 1161 332 commemoratio
1193 275 1402 358 impru-

87 363 308 428 dentem
348 369 617 449 abripuit?
676 367 976 455 Equidem,
1037 400 1102 442 ut
1138 385 1266 446 illuc
1312 410 1401 449 re-

88 475 276 548 deam,
315 478 461 538 unde
497 480 717 560 digressa
748 485 821 546 est
857 491 1036 552 oratio
1072 514 1218 567 mea,
1264 498 1400 560 nihil

85 586 324 647 arbitror
355 611 385 648 a
419 611 510 651 me
549 593 652 653 tibi
682 596 869 658 offerri
906 604 1139 678 potuiffe
1176 611 1399 685 gratius,

84 695 220 755 nihil
251 698 504 762 institutis
536 724 565 762 a
595 722 652 763 te
672 708 816 767 vitae
853 712 1150 775 rationibus
1174 738 1399 783 accome·

82 807 374 882 modatius,
404 813 537 873 nihil
560 816 721 876 etiam
745 818 1038 895 beneficiis,
1076 848 1209 907 quae
1228 830 1285 889 in
1305 854 1396 894 me

82 922 360 981 contulisti
405 927 642 986 maxima
691 946 746 988 et
788 932 1130 1011 amplisfima,
1187 961 1395 1003 conve-

81 1028 347 1103 nientius,
404 1056 568 1115 quam
601 1039 754 1118 quod
793 1041 1118 1124 disertissimi*
1148 1070 1395 1114 romana-

82 1159 205 1199 rum
237 1162 416 1204 rerum
453 1146 729 1227 scriptoris
758 1155 1092 1230 praeclarum
1124 1158 1394 1239 fragmen-

79 1265 203 1310 tum
244 1270 345 1313 tuo
382 1259 598 1316 nomini
635 1259 1032 1324 inscribendum
1079 1276 1396 1338 curaverim.

79 1359 241 1422 Feret
268 1365 411 1424 enim
433 1365 510 1436 id,
550 1369 786 1447 opinor,
834 1376 1084 1453 quamvis
1107 1382 1256 1441 mole
1281 1387 1396 1444 exi-

81 1491 272 1549 guum,
304 1472 459 1545 feret,
488 1476 726 1559 inquam,
760 1500 1005 1556 aetatem,
1029 1505 1085 1546 et
1108 1491 1174 1548 ad
1199 1514 1395 1556 omnes

78 1601 269 1661 gentes
286 1629 302 1653 ,
345 1584 677 1669 ubicumque
698 1591 755 1650 in
780 1592 997 1655 honore
1021 1596 1140 1658 sunt
1165 1601 1394 1677 litterae,

81 1693 195 1770 ejus
229 1693 367 1753 fama
401 1699 794 1778 pervagabitur.
888 1705 1250 1789 Qapropter
1272 1736 1390 1774 non

0 1854 1 1880 ἶ
78 1803 258 1864 modo
291 1806 436 1883 apud
470 1829 593 1879 eos,
642 1831 880 1891 quorum
914 1816 1006 1876 hic
1037 1838 1161 1880 ante
1191 1826 1392 1886 oculos

0 1884 2 1946 f
79 1914 332 1996 quotidie
364 1915 611 1988 versam,
658 1942 850 1982 verum
883 1927 1041 1986 etiam
1068 1931 1212 2008 apud
1242 1952 1391 1994 exte-

80 2045 204 2095 ros,
247 2043 438 2106 atque,
471 2045 534 2087 ut
560 2029 802 2093 futurum
824 2056 1078 2115 auguror,
1111 2043 1257 2120 apud
1280 2065 1390 2123 po-

77 2133 248 2195 steros
280 2157 504 2218 quoque
537 2139 635 2200 hae
668 2140 878 2205 chartae
906 2136 1228 2227 loquentur,
1274 2175 1388 2214 me-

78 2266 186 2325 que
207 2247 436 2317 nomini,
459 2249 815 2334 majestatique
836 2273 956 2315 tuae
978 2257 1386 2326 devotisfimum

80 2353 212 2425 effe,
265 2354 363 2415 nisi
394 2356 510 2418 falsa
529 2360 664 2419 mibi
701 2362 820 2441 spe,
866 2368 1121 2449 vanisque
1142 2371 1386 2452 imagini·-

79 2464 184 2524 bus
205 2465 469 2539 blandior,
501 2492 618 2530 non
640 2473 988 2549 ignorabitur.
1085 2479 1212 2556 Qia
1236 2504 1304 2544 ex
1327 2506 1386 2546 re

80 2574 444 2652 uberrimum,
486 2601 548 2641 ac
569 2585 863 2650 maximum
885 2589 1287 2674 qualiscumque
1310 2598 1384 2657 la-

1231 2703 1387 2769 boris
