<?xml version="1.0" encoding="UTF-8"?>
<!DOCTYPE html PUBLIC "-//W3C//DTD XHTML 1.0 Transitional//EN"
    "http://www.w3.org/TR/xhtml1/DTD/xhtml1-transitional.dtd">
<html xmlns="http://www.w3.org/1999/xhtml" xml:lang="en" lang="en">
 <head>
  <title>
</title>
<meta http-equiv="Content-Type" content="text/html;charset=utf-8" />
  <meta name='ocr-system' content='tesseract 3.04.00' />
  <meta name='ocr-capabilities' content='ocr_page ocr_carea ocr_par ocr_line ocrx_word'/>
</head>
<body>
  <div class='ocr_page' id='page_1' title='image "./historiarumlibri91livyuoft_0016.png"; bbox 0 0 1779 2941; ppageno 0'>
   <div class='ocr_carea' id='block_1_1' title="bbox 963 131 1037 172">
    <p class='ocr_par' dir='ltr' id='par_1_1' title="bbox 963 131 1037 172">
     <span class='ocr_line' id='line_1_1' title="bbox 963 131 1037 172; baseline -0.027 0"><span class='ocrx_word' id='word_1_1' title='bbox 963 131 1037 172; x_wconf 84' lang='lat'>10</span> 
     </span>
    </p>
   </div>
   <div class='ocr_carea' id='block_1_2' title="bbox 343 249 1682 2750">
    <p class='ocr_par' dir='ltr' id='par_1_2' title="bbox 343 249 1680 2648">
     <span class='ocr_line' id='line_1_2' title="bbox 343 249 1651 337; baseline 0 -23"><span class='ocrx_word' id='word_1_2' title='bbox 343 249 545 315; x_wconf 78' lang='lat' dir='ltr'>tum&#39;ea</span> <span class='ocrx_word' id='word_1_3' title='bbox 567 251 841 331; x_wconf 84' lang='lat' dir='ltr'>potisfima</span> <span class='ocrx_word' id='word_1_4' title='bbox 864 253 1078 323; x_wconf 77' lang='lat' dir='ltr'>exstitit,</span> <span class='ocrx_word' id='word_1_5' title='bbox 1115 252 1268 333; x_wconf 91' lang='lat' dir='ltr'>quod</span> <span class='ocrx_word' id='word_1_6' title='bbox 1290 251 1512 337; x_wconf 81' lang='lat' dir='ltr'>videbar</span> <span class='ocrx_word' id='word_1_7' title='bbox 1533 272 1651 314; x_wconf 86' lang='lat' dir='ltr'>rem</span> 
     </span>
     <span class='ocr_line' id='line_1_3' title="bbox 344 362 1651 444; baseline -0.002 -21"><span class='ocrx_word' id='word_1_8' title='bbox 344 363 632 444; x_wconf 81' lang='lat' dir='ltr'>aliquando</span> <span class='ocrx_word' id='word_1_9' title='bbox 670 364 851 421; x_wconf 55' lang='lat' dir='ltr'>nae⁶tus</span> <span class='ocrx_word' id='word_1_10' title='bbox 888 362 1017 431; x_wconf 83' lang='lat' dir='ltr'>effe,</span> <span class='ocrx_word' id='word_1_11' title='bbox 1080 384 1215 442; x_wconf 87' lang='lat' dir='ltr'>quae</span> <span class='ocrx_word' id='word_1_12' title='bbox 1258 383 1360 421; x_wconf 90' lang='lat' dir='ltr'>nec</span> <span class='ocrx_word' id='word_1_13' title='bbox 1396 363 1651 441; x_wconf 85' lang='lat' dir='ltr'>amplitu-</span> 
     </span>
     <span class='ocr_line' id='line_1_4' title="bbox 347 469 1649 550; baseline -0.001 -18"><span class='ocrx_word' id='word_1_14' title='bbox 347 474 474 532; x_wconf 83' lang='lat' dir='ltr'>dine</span> <span class='ocrx_word' id='word_1_15' title='bbox 498 491 588 532; x_wconf 88' lang='lat' dir='ltr'>tua</span> <span class='ocrx_word' id='word_1_16' title='bbox 620 473 850 532; x_wconf 83' lang='lat' dir='ltr'>omnino</span> <span class='ocrx_word' id='word_1_17' title='bbox 879 473 1098 550; x_wconf 84' lang='lat' dir='ltr'>indigna</span> <span class='ocrx_word' id='word_1_18' title='bbox 1125 473 1279 542; x_wconf 80' lang='lat' dir='ltr'>effer,</span> <span class='ocrx_word' id='word_1_19' title='bbox 1320 493 1422 531; x_wconf 89' lang='lat' dir='ltr'>nec</span> <span class='ocrx_word' id='word_1_20' title='bbox 1447 492 1563 541; x_wconf 87' lang='lat' dir='ltr'>me,</span> <span class='ocrx_word' id='word_1_21' title='bbox 1610 469 1649 531; x_wconf 83' lang='lat' dir='ltr'>fi</span> 
     </span>
     <span class='ocr_line' id='line_1_5' title="bbox 348 582 1650 652; baseline -0.003 -9"><span class='ocrx_word' id='word_1_22' title='bbox 348 605 467 643; x_wconf 89' lang='lat' dir='ltr'>eam</span> <span class='ocrx_word' id='word_1_23' title='bbox 504 586 740 642; x_wconf 83' lang='lat' dir='ltr'>muneris</span> <span class='ocrx_word' id='word_1_24' title='bbox 763 584 893 641; x_wconf 88' lang='lat' dir='ltr'>loeo</span> <span class='ocrx_word' id='word_1_25' title='bbox 931 582 1064 652; x_wconf 83' lang='lat' dir='ltr'>tibi,</span> <span class='ocrx_word' id='word_1_26' title='bbox 1110 604 1449 643; x_wconf 73' lang='lat' dir='ltr'>PRINCEPS</span> <span class='ocrx_word' id='word_1_27' title='bbox 1496 601 1650 641; x_wconf 77' lang='lat' dir='ltr'>EMI-</span> 
     </span>
     <span class='ocr_line' id='line_1_6' title="bbox 350 691 1656 773; baseline -0.004 -18"><span class='ocrx_word' id='word_1_28' title='bbox 350 715 395 755; x_wconf 78' lang='grc' dir='ltr'><strong>Ν</strong></span> <span class='ocrx_word' id='word_1_29' title='bbox 412 712 812 763; x_wconf 72' lang='grc' dir='ltr'><strong>ΕΝτῐεειΜΕ,</strong></span> <span class='ocrx_word' id='word_1_30' title='bbox 839 694 1112 763; x_wconf 82' lang='lat' dir='ltr'>offerrem,</span> <span class='ocrx_word' id='word_1_31' title='bbox 1137 693 1341 773; x_wconf 89' lang='lat' dir='ltr'>pudere</span> <span class='ocrx_word' id='word_1_32' title='bbox 1355 693 1464 768; x_wconf 82' lang='lat' dir='ltr'>ejus</span> <span class='ocrx_word' id='word_1_33' title='bbox 1491 691 1656 751; x_wconf 85' lang='lat' dir='ltr'>debe-</span> 
     </span>
     <span class='ocr_line' id='line_1_7' title="bbox 350 801 1658 886; baseline -0.002 -21"><span class='ocrx_word' id='word_1_34' title='bbox 350 824 450 865; x_wconf 81' lang='lat' dir='ltr'>ret.</span> <span class='ocrx_word' id='word_1_35' title='bbox 534 805 661 879; x_wconf 83' lang='lat' dir='ltr'>Qa</span> <span class='ocrx_word' id='word_1_36' title='bbox 688 806 831 863; x_wconf 88' lang='lat' dir='ltr'>enim</span> <span class='ocrx_word' id='word_1_37' title='bbox 867 806 1104 884; x_wconf 90' lang='lat' dir='ltr'>primum</span> <span class='ocrx_word' id='word_1_38' title='bbox 1138 803 1224 863; x_wconf 88' lang='lat' dir='ltr'>die</span> <span class='ocrx_word' id='word_1_39' title='bbox 1260 806 1419 886; x_wconf 88' lang='lat' dir='ltr'>(quae</span> <span class='ocrx_word' id='word_1_40' title='bbox 1448 803 1560 861; x_wconf 88' lang='lat' dir='ltr'>dies</span> <span class='ocrx_word' id='word_1_41' title='bbox 1585 801 1658 862; x_wconf 87' lang='lat' dir='ltr'>sa·</span> 
     </span>
     <span class='ocr_line' id='line_1_8' title="bbox 350 914 1658 994; baseline -0.004 -20"><span class='ocrx_word' id='word_1_42' title='bbox 350 936 440 974; x_wconf 87' lang='lat' dir='ltr'>cra</span> <span class='ocrx_word' id='word_1_43' title='bbox 474 914 608 973; x_wconf 88' lang='lat' dir='ltr'>mihi</span> <span class='ocrx_word' id='word_1_44' title='bbox 642 915 860 993; x_wconf 87' lang='lat' dir='ltr'>quidem</span> <span class='ocrx_word' id='word_1_45' title='bbox 897 916 1102 994; x_wconf 81' lang='lat' dir='ltr'>semper</span> <span class='ocrx_word' id='word_1_46' title='bbox 1135 936 1196 974; x_wconf 84' lang='lat' dir='ltr'>ac</span> <span class='ocrx_word' id='word_1_47' title='bbox 1216 916 1488 992; x_wconf 84' lang='lat' dir='ltr'>-religione</span> <span class='ocrx_word' id='word_1_48' title='bbox 1525 931 1658 992; x_wconf 90' lang='lat' dir='ltr'>qua-</span> 
     </span>
     <span class='ocr_line' id='line_1_9' title="bbox 350 1023 1659 1105; baseline -0.002 -22"><span class='ocrx_word' id='word_1_49' title='bbox 350 1025 477 1084; x_wconf 87' lang='lat' dir='ltr'>dam</span> <span class='ocrx_word' id='word_1_50' title='bbox 512 1025 737 1084; x_wconf 85' lang='lat' dir='ltr'>colenda</span> <span class='ocrx_word' id='word_1_51' title='bbox 776 1026 911 1105; x_wconf 84' lang='lat' dir='ltr'>erit)</span> <span class='ocrx_word' id='word_1_52' title='bbox 962 1046 1328 1086; x_wconf 74' lang='lat' dir='ltr'>ABVNDlvs</span> <span class='ocrx_word' id='word_1_53' title='bbox 1365 1045 1454 1083; x_wconf 90' lang='lat' dir='ltr'>me</span> <span class='ocrx_word' id='word_1_54' title='bbox 1496 1023 1659 1082; x_wconf 85' lang='lat' dir='ltr'>frater</span> 
     </span>
     <span class='ocr_line' id='line_1_10' title="bbox 352 1135 1662 1215; baseline -0.002 -20"><span class='ocrx_word' id='word_1_55' title='bbox 352 1154 497 1203; x_wconf 78' lang='lat' dir='ltr'>tuus,</span> <span class='ocrx_word' id='word_1_56' title='bbox 528 1135 696 1194; x_wconf 82' lang='lat' dir='ltr'>Vrbis</span> <span class='ocrx_word' id='word_1_57' title='bbox 721 1137 968 1204; x_wconf 81' lang='lat' dir='ltr'>Senator,</span> <span class='ocrx_word' id='word_1_58' title='bbox 1001 1139 1259 1215; x_wconf 81' lang='lat' dir='ltr'>Princeps</span> <span class='ocrx_word' id='word_1_59' title='bbox 1285 1135 1510 1213; x_wconf 75' lang='lat' dir='ltr'>egregiis</span> <span class='ocrx_word' id='word_1_60' title='bbox 1536 1153 1662 1192; x_wconf 88' lang='lat' dir='ltr'>cor-</span> 
     </span>
     <span class='ocr_line' id='line_1_11' title="bbox 354 1243 1664 1324; baseline 0.001 -22"><span class='ocrx_word' id='word_1_61' title='bbox 354 1246 510 1324; x_wconf 85' lang='lat' dir='ltr'>poris</span> <span class='ocrx_word' id='word_1_62' title='bbox 556 1246 826 1324; x_wconf 75' lang='lat' dir='ltr'>animique</span> <span class='ocrx_word' id='word_1_63' title='bbox 875 1245 1125 1316; x_wconf 87' lang='lat' dir='ltr'>dotibus,</span> <span class='ocrx_word' id='word_1_64' title='bbox 1180 1245 1276 1305; x_wconf 86' lang='lat' dir='ltr'>fibi</span> <span class='ocrx_word' id='word_1_65' title='bbox 1316 1245 1380 1304; x_wconf 87' lang='lat' dir='ltr'>ab</span> <span class='ocrx_word' id='word_1_66' title='bbox 1421 1243 1664 1322; x_wconf 83' lang='lat' dir='ltr'>epistolis</span> 
     </span>
     <span class='ocr_line' id='line_1_12' title="bbox 355 1352 1667 1431; baseline -0.002 -18"><span class='ocrx_word' id='word_1_67' title='bbox 355 1354 459 1413; x_wconf 78' lang='lat' dir='ltr'>esse</span> <span class='ocrx_word' id='word_1_68' title='bbox 505 1352 672 1429; x_wconf 81' lang='lat' dir='ltr'>jussit,</span> <span class='ocrx_word' id='word_1_69' title='bbox 743 1354 845 1431; x_wconf 80' lang='lat' dir='ltr'>jam</span> <span class='ocrx_word' id='word_1_70' title='bbox 893 1373 1014 1415; x_wconf 89' lang='lat' dir='ltr'>tum</span> <span class='ocrx_word' id='word_1_71' title='bbox 1059 1377 1147 1414; x_wconf 89' lang='lat' dir='ltr'>me</span> <span class='ocrx_word' id='word_1_72' title='bbox 1193 1377 1310 1415; x_wconf 89' lang='lat' dir='ltr'>non</span> <span class='ocrx_word' id='word_1_73' title='bbox 1355 1355 1533 1412; x_wconf 88' lang='lat' dir='ltr'>minus</span> <span class='ocrx_word' id='word_1_74' title='bbox 1574 1353 1667 1424; x_wconf 81' lang='lat' dir='ltr'>iffi,</span> 
     </span>
     <span class='ocr_line' id='line_1_13' title="bbox 355 1463 1668 1546; baseline 0 -24"><span class='ocrx_word' id='word_1_75' title='bbox 355 1485 519 1546; x_wconf 80' lang='lat' dir='ltr'>quam</span> <span class='ocrx_word' id='word_1_76' title='bbox 557 1481 612 1524; x_wconf 92' lang='lat' dir='ltr'>et</span> <span class='ocrx_word' id='word_1_77' title='bbox 643 1463 746 1522; x_wconf 84' lang='lat' dir='ltr'>tibi</span> <span class='ocrx_word' id='word_1_78' title='bbox 783 1483 838 1523; x_wconf 87' lang='lat' dir='ltr'>et</span> <span class='ocrx_word' id='word_1_79' title='bbox 871 1466 1150 1544; x_wconf 86' lang='lat' dir='ltr'>utriusque</span> <span class='ocrx_word' id='word_1_80' title='bbox 1184 1464 1330 1523; x_wconf 89' lang='lat' dir='ltr'>fratri</span> <span class='ocrx_word' id='word_1_81' title='bbox 1365 1483 1668 1533; x_wconf 86' lang='lat' dir='ltr'>CAROLO,</span> 
     </span>
     <span class='ocr_line' id='line_1_14' title="bbox 359 1573 1669 1655; baseline -0.001 -23"><span class='ocrx_word' id='word_1_82' title='bbox 359 1575 456 1655; x_wconf 88' lang='lat' dir='ltr'>qui</span> <span class='ocrx_word' id='word_1_83' title='bbox 493 1591 548 1633; x_wconf 93' lang='lat' dir='ltr'>et</span> <span class='ocrx_word' id='word_1_84' title='bbox 584 1573 694 1652; x_wconf 88' lang='lat' dir='ltr'>ipse</span> <span class='ocrx_word' id='word_1_85' title='bbox 730 1574 954 1632; x_wconf 89' lang='lat' dir='ltr'>alterum</span> <span class='ocrx_word' id='word_1_86' title='bbox 983 1575 1265 1653; x_wconf 90' lang='lat' dir='ltr'>purpurati</span> <span class='ocrx_word' id='word_1_87' title='bbox 1304 1575 1527 1632; x_wconf 86' lang='lat' dir='ltr'>Senatus</span> <span class='ocrx_word' id='word_1_88' title='bbox 1575 1592 1669 1631; x_wconf 89' lang='lat' dir='ltr'>or-</span> 
     </span>
     <span class='ocr_line' id='line_1_15' title="bbox 357 1683 1671 1754; baseline -0.001 -11"><span class='ocrx_word' id='word_1_89' title='bbox 357 1702 704 1754; x_wconf 88' lang='lat' dir='ltr'>namentum,</span> <span class='ocrx_word' id='word_1_90' title='bbox 764 1705 826 1742; x_wconf 85' lang='lat' dir='ltr'>ac</span> <span class='ocrx_word' id='word_1_91' title='bbox 862 1685 1046 1742; x_wconf 87' lang='lat' dir='ltr'>lumen</span> <span class='ocrx_word' id='word_1_92' title='bbox 1097 1683 1196 1752; x_wconf 90' lang='lat' dir='ltr'>est,</span> <span class='ocrx_word' id='word_1_93' title='bbox 1243 1684 1317 1742; x_wconf 87' lang='lat' dir='ltr'>ita</span> <span class='ocrx_word' id='word_1_94' title='bbox 1355 1683 1671 1742; x_wconf 58' lang='lat' dir='ltr'>devinetum</span> 
     </span>
     <span class='ocr_line' id='line_1_16' title="bbox 358 1793 1676 1874; baseline -0.003 -19"><span class='ocrx_word' id='word_1_95' title='bbox 358 1793 490 1857; x_wconf 87' lang='lat' dir='ltr'>senfi</span> <span class='ocrx_word' id='word_1_96' title='bbox 508 1841 522 1863; x_wconf 93' lang='lat'>‚</span> <span class='ocrx_word' id='word_1_97' title='bbox 568 1812 657 1863; x_wconf 91' lang='lat' dir='ltr'>ut,</span> <span class='ocrx_word' id='word_1_98' title='bbox 697 1793 878 1874; x_wconf 85' lang='lat' dir='ltr'>quoad</span> <span class='ocrx_word' id='word_1_99' title='bbox 901 1794 1101 1871; x_wconf 84' lang='lat' dir='ltr'>ingenii</span> <span class='ocrx_word' id='word_1_100' title='bbox 1122 1793 1231 1850; x_wconf 90' lang='lat' dir='ltr'>mei</span> <span class='ocrx_word' id='word_1_101' title='bbox 1260 1793 1398 1851; x_wconf 86' lang='lat' dir='ltr'>vires</span> <span class='ocrx_word' id='word_1_102' title='bbox 1422 1811 1676 1870; x_wconf 87' lang='lat' dir='ltr'>pateren-</span> 
     </span>
     <span class='ocr_line' id='line_1_17' title="bbox 358 1901 1672 1984; baseline -0.002 -20"><span class='ocrx_word' id='word_1_103' title='bbox 358 1922 478 1974; x_wconf 87' lang='lat' dir='ltr'>tur,</span> <span class='ocrx_word' id='word_1_104' title='bbox 518 1924 787 1984; x_wconf 86' lang='lat' dir='ltr'>quamque</span> <span class='ocrx_word' id='word_1_105' title='bbox 811 1905 1052 1981; x_wconf 82' lang='lat' dir='ltr'>primum</span> <span class='ocrx_word' id='word_1_106' title='bbox 1078 1901 1316 1983; x_wconf 87' lang='lat' dir='ltr'>possem,</span> <span class='ocrx_word' id='word_1_107' title='bbox 1355 1902 1672 1961; x_wconf 84' lang='lat' dir='ltr'>enitendum</span> 
     </span>
     <span class='ocr_line' id='line_1_18' title="bbox 359 2012 1675 2092; baseline -0.002 -18"><span class='ocrx_word' id='word_1_108' title='bbox 359 2013 499 2074; x_wconf 81' lang='lat' dir='ltr'>mihi</span> <span class='ocrx_word' id='word_1_109' title='bbox 538 2013 638 2072; x_wconf 78' lang='lat' dir='ltr'>effe</span> <span class='ocrx_word' id='word_1_110' title='bbox 676 2013 1076 2079; x_wconf 84' lang='lat' dir='ltr'>constituerim,</span> <span class='ocrx_word' id='word_1_111' title='bbox 1137 2012 1363 2092; x_wconf 84' lang='lat' dir='ltr'>aliquam</span> <span class='ocrx_word' id='word_1_112' title='bbox 1403 2029 1465 2071; x_wconf 88' lang='lat' dir='ltr'>ut</span> <span class='ocrx_word' id='word_1_113' title='bbox 1508 2012 1675 2071; x_wconf 87' lang='lat' dir='ltr'>vobis</span> 
     </span>
     <span class='ocr_line' id='line_1_19' title="bbox 363 2120 1673 2201; baseline 0.001 -20"><span class='ocrx_word' id='word_1_114' title='bbox 363 2123 503 2201; x_wconf 83' lang='lat' dir='ltr'>grati</span> <span class='ocrx_word' id='word_1_115' title='bbox 538 2121 699 2179; x_wconf 88' lang='lat' dir='ltr'>animi</span> <span class='ocrx_word' id='word_1_116' title='bbox 738 2120 1187 2200; x_wconf 72' lang='lat' dir='ltr'>significationem</span> <span class='ocrx_word' id='word_1_117' title='bbox 1223 2121 1439 2200; x_wconf 87' lang='lat' dir='ltr'>publice</span> <span class='ocrx_word' id='word_1_118' title='bbox 1474 2120 1673 2182; x_wconf 91' lang='lat' dir='ltr'>darem.</span> 
     </span>
     <span class='ocr_line' id='line_1_20' title="bbox 363 2231 1676 2310; baseline 0 -20"><span class='ocrx_word' id='word_1_119' title='bbox 363 2233 578 2290; x_wconf 86' lang='lat' dir='ltr'>Verum</span> <span class='ocrx_word' id='word_1_120' title='bbox 610 2233 887 2290; x_wconf 71' lang='lat' dir='ltr'>tenuitatis</span> <span class='ocrx_word' id='word_1_121' title='bbox 921 2253 1072 2290; x_wconf 89' lang='lat' dir='ltr'>meae</span> <span class='ocrx_word' id='word_1_122' title='bbox 1118 2231 1362 2291; x_wconf 91' lang='lat' dir='ltr'>conscius</span> <span class='ocrx_word' id='word_1_123' title='bbox 1387 2231 1522 2310; x_wconf 88' lang='lat' dir='ltr'>quid</span> <span class='ocrx_word' id='word_1_124' title='bbox 1554 2248 1676 2290; x_wconf 88' lang='lat' dir='ltr'>tan-</span> 
     </span>
     <span class='ocr_line' id='line_1_21' title="bbox 366 2337 1677 2420; baseline 0 -19"><span class='ocrx_word' id='word_1_125' title='bbox 366 2340 495 2401; x_wconf 87' lang='lat' dir='ltr'>dem</span> <span class='ocrx_word' id='word_1_126' title='bbox 520 2337 745 2409; x_wconf 87' lang='lat' dir='ltr'>cudere,</span> <span class='ocrx_word' id='word_1_127' title='bbox 787 2339 917 2420; x_wconf 85' lang='lat' dir='ltr'>quid</span> <span class='ocrx_word' id='word_1_128' title='bbox 940 2340 1122 2400; x_wconf 88' lang='lat' dir='ltr'>cusum</span> <span class='ocrx_word' id='word_1_129' title='bbox 1146 2340 1344 2401; x_wconf 88' lang='lat' dir='ltr'>offerre</span> <span class='ocrx_word' id='word_1_130' title='bbox 1364 2341 1527 2401; x_wconf 86' lang='lat' dir='ltr'>vobis</span> <span class='ocrx_word' id='word_1_131' title='bbox 1548 2339 1677 2420; x_wconf 85' lang='lat' dir='ltr'><strong>pos·</strong></span> 
     </span>
     <span class='ocr_line' id='line_1_22' title="bbox 366 2446 1679 2531; baseline 0 -22"><span class='ocrx_word' id='word_1_132' title='bbox 366 2446 496 2518; x_wconf 76' lang='lat' dir='ltr'>sem,</span> <span class='ocrx_word' id='word_1_133' title='bbox 522 2450 754 2508; x_wconf 84' lang='lat' dir='ltr'>omnino</span> <span class='ocrx_word' id='word_1_134' title='bbox 777 2449 1090 2511; x_wconf 86' lang='lat' dir='ltr'>nesciebam.</span> <span class='ocrx_word' id='word_1_135' title='bbox 1145 2452 1236 2510; x_wconf 90' lang='lat' dir='ltr'>Ac</span> <span class='ocrx_word' id='word_1_136' title='bbox 1262 2450 1512 2511; x_wconf 89' lang='lat' dir='ltr'>videbam</span> <span class='ocrx_word' id='word_1_137' title='bbox 1529 2451 1679 2531; x_wconf 87' lang='lat' dir='ltr'>equi-</span> 
     </span>
     <span class='ocr_line' id='line_1_23' title="bbox 374 2557 1680 2648; baseline -0.001 -30"><span class='ocrx_word' id='word_1_138' title='bbox 374 2557 500 2618; x_wconf 91' lang='lat' dir='ltr'>dem</span> <span class='ocrx_word' id='word_1_139' title='bbox 513 2601 534 2636; x_wconf 82' lang='grc'>,</span> <span class='ocrx_word' id='word_1_140' title='bbox 584 2579 697 2640; x_wconf 87' lang='lat' dir='ltr'>quo</span> <span class='ocrx_word' id='word_1_141' title='bbox 738 2580 1076 2648; x_wconf 69' lang='lat' dir='ltr'>vosamore</span> <span class='ocrx_word' id='word_1_142' title='bbox 1120 2561 1209 2634; x_wconf 91' lang='lat' dir='ltr'>(id</span> <span class='ocrx_word' id='word_1_143' title='bbox 1246 2561 1399 2645; x_wconf 89' lang='lat' dir='ltr'>quod</span> <span class='ocrx_word' id='word_1_144' title='bbox 1441 2558 1680 2620; x_wconf 84' lang='lat' dir='ltr'>rariffimi</span> 
     </span>
    </p>

    <p class='ocr_par' dir='ltr' id='par_1_3' title="bbox 1445 2669 1682 2750">
     <span class='ocr_line' id='line_1_24' title="bbox 1445 2669 1682 2750; baseline 0 -18"><span class='ocrx_word' id='word_1_145' title='bbox 1445 2669 1682 2750; x_wconf 83' lang='lat' dir='ltr'>exempli</span> 
     </span>
    </p>
   </div>
  </div>
 </body>
</html>
