1747 3005
631 148 894 204 XXXIX

88 285 240 342 minis
276 285 441 341 fuisset
473 290 631 352 Δεῒμεν
667 283 781 352 ὁφὲν
820 284 920 336 ἀντὶ
951 282 1010 337 τέ
1044 281 1216 352 ἔδειμεν
1252 285 1432 343 ι’ωνικῶς

89 364 307 438 politum
335 363 635 436 agnoscere?
675 365 817 421 Haec
845 364 942 430 jam
966 362 1271 435 scripseram,
1307 381 1426 417 cum

86 445 226 497 venit
257 443 317 497 ad
347 462 430 498 me
454 441 633 496 visendi
656 441 832 506 cauffa,
866 457 924 495 ut
945 440 1094 508 solet,
1136 441 1422 496 adolescens

81 521 430 588 nobiliffimuS‚
469 537 520 575 et
541 520 755 592 Gaspare
775 536 926 592 patre,
952 539 1108 590 quem
1135 539 1234 591 ego
1257 522 1420 574 virum

18 663 19 666 Ἴ
87 601 161 656 ob
191 600 477 671 singularem
512 600 772 670 quamdam
806 599 1090 662 docuinam
1129 618 1185 652 ac
1220 600 1420 653 virtutis

80 679 423 753 praestantiam
459 677 648 750 semper
679 678 878 730 maximi
915 676 1039 743 feci,
1091 677 1420 748 digniffimu3‚

81 755 300 812 Aloifius
318 756 382 811 de
402 759 626 822 TorreS,
663 758 747 827 qui
778 757 1136 827 epigrammate
1167 756 1418 827 perleclo:

81 835 154 888 est
175 837 305 888 enim
332 854 450 888 cum
475 836 643 889 multis
667 836 938 889 liberalibus
960 836 1146 900 studiis,
1173 852 1321 904 atque
1345 851 1417 887 ar-

77 913 213 967 tibus
238 912 375 985 supra
395 932 720 968 communem
742 914 847 966 eius
871 915 1036 967 aetatis
1053 929 1248 985 captum
1272 931 1416 984 prae-

74 990 244 1058 ditus,
281 1008 388 1046 tum
421 993 602 1053 latinis,
641 992 922 1063 graecisque
959 993 1127 1045 litteris
1165 991 1416 1062 insigniter

73 1070 320 1137 eruditus,
358 1072 482 1125 hanc
508 1071 710 1142 quidem
746 1089 908 1124 meam
927 1071 1192 1124 lechonem
1228 1070 1416 1141 proba-

73 1150 166 1214 vit,
207 1148 290 1203 sed
314 1151 510 1208 interim
535 1152 695 1222 petiit,
731 1168 788 1204 ut
810 1165 1055 1204 tentarem
1080 1148 1277 1202 eosdem
1306 1166 1412 1200 ver·

73 1225 152 1282 sus
173 1227 318 1282 latine
350 1229 585 1299 reddere,
628 1230 769 1299 quod
792 1231 978 1299 petenti
1003 1229 1092 1297 qui
1125 1228 1269 1298 potui
1301 1243 1412 1279 non

73 1306 388 1361 concedere?
426 1308 595 1377 ltaque
615 1325 724 1359 non
749 1307 873 1359 belle
895 1306 1118 1375 quidem,
1143 1304 1223 1358 sed
1243 1319 1411 1358 tamen

72 1400 132 1439 ut
155 1402 234 1438 res
258 1384 407 1456 poffit
426 1385 650 1455 intelligi,
679 1384 743 1436 fic
767 1386 1022 1437 converti:

146 1463 483 1536 Hippocrates
504 1463 639 1518 dulci
661 1461 825 1533 posuit
848 1478 1174 1516 monumenta
1190 1462 1403 1516 Piiileno

208 1545 362 1597 Servo
385 1542 508 1595 haec
531 1543 836 1612 omnigenae
857 1542 1038 1612 pignus
1076 1541 1327 1593 amicitiae.

67 1620 206 1674 Idem
238 1621 348 1691 quia
371 1620 561 1674 dixerat
589 1637 744 1686 antea,
775 1621 996 1672 dubitare
1021 1619 1081 1684 se,
1119 1638 1178 1672 an
1201 1619 1305 1672 duo
1327 1617 1406 1672 illa

73 1714 158 1752 Δει
180 1713 295 1752 ΜΕΝ
328 1699 491 1765 ῇυηᾶὶα
527 1701 578 1752 in
603 1717 850 1751 marmore
874 1699 1180 1769 legerentur,
1220 1716 1279 1750 an
1308 1715 1406 1768 po-

70 1778 170 1831 tius
195 1777 374 1848 aliquid
397 1777 528 1849 spatii
562 1778 690 1829 inter
723 1794 991 1846 utrumque
1014 1777 1162 1847 μόςιον
1196 1777 1406 1828 interce-

73 1854 216 1910 deret
232 1855 422 1922 maim,
465 1872 618 1925 quam
641 1855 690 1906 in
712 1854 926 1906 eiusdem
962 1855 1192 1907 dictionis
1220 1853 1409 1923 syllabis

14 1983 15 1987 ,
71 1949 155 1988 aut
185 1933 359 1986 litteris
389 1933 537 1996 solet,
579 1951 790 2002 eamque
817 1933 899 1985 fibi
924 1932 1075 1984 videri
1109 1932 1267 1984 docffis
1292 1933 1406 1984 viris

70 2012 378 2069 halucinandi
401 2011 608 2067 caussam
642 2011 810 2075 fuine,
852 2028 1052 2080 egoque
1075 2025 1249 2062 contra
1273 2027 1409 2080 grae*

65 2107 156 2153 acas
180 2091 520 2161 inscriptiones
543 2091 845 2158 antiquiores
869 2089 1145 2141 continenti
1167 2106 1406 2142 notarum

69 2165 216 2236 serie,
251 2169 391 2222 nullis
417 2169 683 2222 verborum
718 2184 799 2220 aut
825 2165 1112 2237 syllabarum
1139 2165 1406 2220 interordi-

11 2247 15 2314 j
71 2250 166 2302 niis
192 2249 374 2301 exarari
397 2247 721 2311 confiteviffe‚
756 2246 1055 2313 objeceram,
1081 2247 1405 2316 protuleram-

11 2375 13 2383 ,
71 2341 173 2396 que
203 2328 253 2379 in
287 2344 395 2379 eam
423 2342 557 2391 rem,
596 2324 736 2395 quod
759 2340 865 2377 tum
895 2326 1113 2395 primum
1146 2325 1196 2376 in
1224 2340 1403 2376 manus

72 2406 233 2469 venit,
270 2404 472 2457 alterum
498 2405 824 2474 epigramma,
872 2403 1015 2473 quod
1036 2401 1272 2474 scalptum
1299 2402 1402 2454 vidi

59 2483 261 2537 Romae
298 2482 455 2535 tribus
495 2498 794 2551 quattuorve
829 2497 942 2534 ante
986 2483 1122 2534 annis
1167 2480 1304 2552 supra
1341 2479 1400 2532 τέ

28 2558 42 2565 ”
71 2560 276 2616 humani
322 2559 529 2623 σχελέτε
573 2560 809 2632 figuram,
862 2559 915 2611 in
955 2577 1061 2629 quo
1101 2560 1403 2622 continuate,

0 2689 13 2712 s
69 2637 215 2712 quod
238 2637 632 2703 contendebam,
681 2637 881 2770 scalptae
904 2637 1090 2692 litterae
1116 2638 1405 2766 visthanttff,

809 2736 848 2788 4
1325 2733 1339 2767 ι
1375 2729 1406 2767 e
