1747 3005
651 146 816 202 LXV

81 278 239 335 b‘ellus
260 280 389 354 apud
413 278 759 336 Caffiodorum
791 278 854 332 de
877 277 1266 350 Orth'ographiae
1305 279 1389 351 qui

81 359 288 429 quidem
319 361 528 421 libellus,
570 358 682 428 quis
721 357 916 409 credat?
951 357 1093 423 hujus
1126 356 1274 426 ipfius
1300 376 1388 428 ge-

79 439 236 503 neriS,
273 455 379 506 quo
404 438 605 489 minime
627 436 850 489 omniurn
873 435 1068 496 debuit,
1097 436 1227 505 turpi
1253 453 1391 488 men-

79 514 142 567 da
173 515 456 584 inquinatus
490 512 848 566 circumfertur.
930 516 1059 566 Nam
1083 513 1220 581 quod
1242 513 1388 566 initio

78 593 246 662 capitis
277 610 348 645 tv·
381 592 581 662 legitur:
622 594 692 644 De
721 593 764 646 Β
788 592 933 642 littera
967 591 1194 662 trifariam
1223 592 1269 641 in
1304 610 1385 642 no-

77 673 189 723 mine
211 672 387 743 postia,
423 679 627 742 quantum
646 669 945 740 poffibilitatis
965 669 1140 740 fuerit,
1165 667 1385 743 sufficien-

74 758 165 811 ter,
201 757 249 800 ut
280 751 462 819 opinor,
497 748 799 810 trablahimus,
831 746 897 796 ibi
918 746 1194 798 traffavimus
1216 746 1382 814 legen-

72 825 196 876 dum
228 827 320 891 est,
358 823 778 893 referentiumque
812 824 913 875 hoc
944 823 1143 875 verbum
1178 839 1283 874 non
1317 823 1379 875 ad

71 900 155 968 id,
193 920 297 972 quo
331 904 396 956 de
416 901 517 955 hoc
550 903 706 972 capite
726 918 796 954 lv.
822 900 1003 969 agitur,
1042 898 1120 952 sed
1145 899 1204 952 ad
1234 898 1378 968 quod

70 981 224 1033 tribus
245 979 491 1050 prioribus
514 981 753 1050 capitibus
772 976 1023 1031 transi-atum
1048 977 1130 1029 est.
1171 977 1268 1029 Sed
1291 977 1380 1031 hu-

71 1058 277 1125 jusmodi
312 1058 537 1110 mendam
565 1059 618 1110 in
653 1055 865 1128 parifino
892 1054 1080 1108 Garetii
1115 1054 1378 1125 exemplari

71 1136 167 1203 jam
202 1134 422 1188 sublatam
457 1133 794 1189 animadverti;
845 1148 1009 1185 tamen
1042 1134 1092 1184 in
1126 1131 1226 1184 hoc
1269 1129 1377 1202 ipso

71 1212 333 1283 exemplari
363 1211 576 1279 ejusdem
603 1212 773 1282 capitis
806 1209 1054 1278 inscriptio
1078 1223 1262 1261 retenta
1287 1208 1377 1260 est:

72 1294 145 1346 De
168 1293 209 1343 Β
228 1291 373 1342 littera
396 1291 623 1363 trifariam
651 1292 696 1340 in
718 1290 886 1340 nomine
901 1289 1073 1360 soffia,
1108 1302 1231 1354 quae
1251 1284 1380 1338 haud

70 1369 222 1421 dubie
252 1367 419 1432 exiis,
456 1385 586 1436 quae
608 1365 837 1436 proxime
868 1361 1225 1433 adscripsimus,
1263 1374 1377 1415 ver·

0 1494 1 1498 ,
67 1446 141 1499 bis
165 1446 458 1498 concinnata
480 1443 562 1509 est,
600 1442 916 1511 omninoque
936 1439 1141 1493 delenda
1169 1440 1376 1507 videtur,

67 1525 224 1592 inque
245 1520 349 1588 ejus
371 1522 537 1574 locum
557 1520 678 1573 haec
700 1520 848 1573 altera
870 1537 930 1572 ex
953 1517 1170 1584 ejusdem
1197 1517 1378 1571 ortho-

70 1600 241 1672 graphi
262 1600 414 1651 verbis
441 1613 669 1668 excerpta
693 1596 1034 1650 substituenda:
1064 1599 1136 1648 De
1153 1598 1196 1648 Β
1213 1596 1375 1660 littera,

71 1679 390 1752 qu'aeſsmiliter
409 1680 455 1727 in
480 1678 618 1729 verbis
636 1678 859 1727 invenitur.
937 1673 1033 1727 Sed
1051 1673 1113 1726 de
1137 1674 1375 1742 Martyrio

0 1786 2 1807 ;
69 1756 318 1808 hactenus,
391 1754 542 1805 Nunc
567 1751 627 1804 ad
659 1751 897 1804 scribendi
929 1767 978 1803 et
1010 1748 1374 1820 pronunciandi

0 1837 2 1882 l
71 1833 207 1886 hunc
229 1846 421 1884 morem
445 1829 585 1898 quod
606 1829 794 1893 attinet,
816 1826 969 1880 nolim
991 1843 1121 1891 eum,
1144 1842 1259 1878 cum
1282 1826 1373 1879 ho-

0 1931 4 1965 1
70 1911 203 1963 mine
230 1908 333 1961 satis
356 1910 524 1977 ignava
549 1924 726 1978 opera,
763 1919 814 1957 et
846 1903 1042 1957 sublesta
1067 1901 1192 1967 fide,
1230 1903 1371 1968 cujus

69 1986 275 2048 nomini,
311 1999 360 2037 et
395 1982 564 2055 operis
576 2022 591 2049 ‚
626 1982 764 2052 quod
800 1981 1033 2052 vulgavit,
1070 1979 1371 2050 inscriptioni

69 2081 205 2118 nunc
224 2062 457 2134 parcitur,
488 2061 546 2113 ad
565 2077 805 2131 tempora,
836 2076 959 2129 quae
984 2057 1255 2112 translatam
1277 2059 1370 2127 By-

0 2160 5 2185 =·
69 2140 285 2197 zantium
307 2139 500 2209 imperii
523 2137 686 2192 sedem
709 2137 1009 2205 consequuta
1028 2135 1150 2200 sunt,
1172 2134 1372 2200 referre,

0 2238 5 2267 ·.
70 2218 207 2286 cujus
238 2217 537 2288 opinationis
572 2215 830 2269 vanitatem
862 2214 966 2267 satis
977 2253 990 2278 ‚
1040 2230 1123 2264 me
1160 2227 1368 2277 tacente,

69 2290 315 2365 sequentia
344 2307 627 2363 coarguent.
702 2297 779 2346 Ac
809 2293 975 2364 primo
1009 2290 1062 2342 in
1095 2288 1267 2341 tabulis
1297 2288 1387 2351 fa-,

0 2374 4 2389 '
69 2373 256 2427 storum
294 2374 514 2425 Fratrum
553 2369 797 2424 Arvalium
839 2371 887 2423 in
926 2366 1186 2423 Muratorii
1228 2366 1367 2419 The-

3 2494 5 2500 .
70 2450 209 2505 sauro
244 2466 354 2519 pag.
385 2464 582 2512 ccch,
622 2465 747 2515 quae
772 2446 1065 2500 Commodo
1098 2445 1368 2511 imperante

69 2527 274 2596 scalptae
305 2525 436 2589 sunt,
466 2525 787 2578 BERBECES
819 2524 987 2592 semel,
1025 2519 1367 2574 VERBECES

0 2622 4 2653 ·.
69 2603 236 2681 paffim
267 2600 494 2675 scriptum
517 2604 611 2668 est,
648 2617 697 2656 et
725 2602 1027 2731 {ORONJS
1049 2596 1368 2743 BlTTA‘gllg
