1747 3005
711 200 753 255 7

71 313 345 383 sertorium,
376 316 465 387 qui
489 314 621 388 apud
641 316 759 372 alios
783 315 942 372 modo
963 315 1235 390 Hirtulgjus,
1267 333 1382 370 mo-

71 411 144 464 do
174 411 428 484 Herculejus
445 450 462 477 ,
494 411 653 465 modo
676 411 810 464 aliter
831 410 1115 482 appellatur.
1192 412 1291 467 Hic
1313 411 1383 464 est

72 504 338 576 Hertulejus.
374 507 428 558 In
449 524 553 575 quo
568 506 717 558 nobis
739 505 1096 558 dubitationem
1117 503 1253 558 affert
1276 521 1386 557 ana-

71 598 204 668 logia
225 598 488 652 nominum
509 604 867 655 Romanorum.
913 604 1050 655 Nam
1069 602 1274 652 nomina
1296 598 1391 651 hu-

70 694 151 760 jus
175 692 365 746 formae
385 693 513 747 fiunt
526 694 659 747 velut
684 712 712 747 e
733 695 877 766 stirpe
898 695 1116 747 nominis
1139 695 1188 757 in
1210 695 1298 746 ius:
1330 707 1390 748 ut

75 788 135 841 ab
156 792 371 857 Egnatio,
399 788 699 858 Egnatulzy‘us.
758 789 857 842 Sed
879 789 1068 843 nullum
1087 790 1179 843 tale
1197 804 1393 842 nomen

74 882 275 937 latinum
298 885 380 949 est,
403 884 536 936 unde
558 883 808 955 Hertulaey‘us
825 883 1029 937 dufilum
1044 883 1108 938 fit.
1186 887 1258 937 At
1271 884 1391 938 Hir-

75 978 228 1050 tulejus
249 980 317 1031 est
342 979 401 1031 ab
424 981 615 1033 Hirtius.
669 978 769 1031 Sed
789 979 887 1034 illas
913 979 1099 1046 literaS‚
1138 999 1159 1032 ε
1180 993 1231 1032 et
1259 981 1303 1044 i,
1334 976 1390 1030 in

75 1073 222 1127 omni
244 1072 413 1144 lingua
447 1073 794 1144 pronunciatio
817 1090 1083 1144 permutat.

188 1169 692 1222 Commendationem
742 1186 899 1239 porro
949 1184 1006 1220 ut
1054 1167 1394 1238 fragmentum

76 1262 233 1334 ipsum
259 1264 372 1316 inde
386 1263 549 1328 habet,
575 1260 717 1331 quod
736 1261 1092 1332 Geographiae
1105 1261 1396 1333 Hispanicae

78 1358 294 1429 prodest,
326 1358 468 1410 editis
503 1356 798 1425 quibusdam
829 1358 1060 1409 locorum
1091 1355 1393 1419 nominibus,

79 1469 300 1522 quorum
321 1452 447 1504 nulla
473 1450 607 1521 apud
640 1451 760 1503 alios
774 1451 995 1508 mentio;
1032 1451 1093 1502 ita
1115 1449 1394 1503 annotatio³

80 1564 171 1600 nes
195 1565 255 1598 ex
279 1564 370 1611 eo,
407 1546 547 1616 quod
570 1546 614 1597 ei
634 1544 718 1617 ipsi
740 1534 1096 1616 Geographiae
1119 1561 1168 1597 et
1190 1544 1396 1619 scripto-

80 1641 216 1694 ribus
252 1641 459 1710 antiquis
484 1640 854 1711 geographici57
889 1639 942 1691 in
975 1640 1047 1692 his
1078 1638 1268 1704 Plinio,
1307 1637 1395 1690 ali-

80 1715 278 1807 quoties
291 1735 507 1806 prosunt.
542 1737 601 1786 In
620 1736 883 1788 nominum
897 1734 1097 1787 istorum
1110 1750 1293 1804 genere
1303 1733 1398 1788 Vir

81 1830 220 1886 Clar.
255 1832 396 1883 etiam
435 1829 712 1883 Contrebiam
737 1827 909 1897 ponit:
950 1828 999 1879 id
1032 1828 1177 1880 nobis
1205 1843 1397 1878 nomen

81 1926 303 1998 primum
326 1926 378 1977 in
402 1924 683 1994 fragmento
709 1921 999 1990 legentibu8‚
1030 1921 1148 1974 nihil
1167 1919 1399 1974 novitatis

82 2020 341 2073 videbatur
368 2019 575 2082 habere;
613 2033 663 2069 et
696 2032 830 2068 nunc
855 2033 1062 2084 quoque
1087 2015 1150 2067 de
1177 2013 1399 2068 novitate

84 2112 357 2185 paullulum
377 2112 672 2174 dubitamus,
710 2109 850 2179 quod
870 2109 988 2161 illud
1011 2126 1200 2163 nomen
1220 2112 1271 2161 et
1290 2107 1399 2161 alibi

85 2207 309 2260 videmur
329 2206 507 2277 legisse,
544 2205 626 2258 etsi
649 2204 778 2276 apud
800 2221 950 2274 quem
971 2217 1020 2256 et
1039 2203 1141 2271 ubi,
1180 2218 1289 2256 non
1307 2219 1398 2256 oc·-

86 2302 255 2356 currit.
329 2301 426 2354 Sed
448 2318 526 2353 res
551 2317 658 2352 non
686 2300 753 2351 est
785 2299 918 2354 tanti.

201 2396 358 2466 Saepe
381 2395 526 2447 etiam
557 2395 610 2446 in
637 2393 710 2445 his
742 2392 930 2445 scholiis
961 2392 1102 2445 latius
1130 2390 1400 2462 disputatur

85 2488 228 2560 super
245 2488 454 2558 antiquis
467 2488 634 2552 rehm,
655 2502 705 2539 et
718 2501 1161 2540 monumentorum
1178 2500 1401 2539 veterum

88 2578 348 2653 scriptura,
392 2600 541 2652 quam
569 2597 620 2634 et
652 2580 853 2633 instituti
887 2580 1009 2633 ratio
1045 2578 1315 2650 postulabat
1348 2593 1401 2635 et

91 2675 389 2731 scholiorum
413 2678 537 2731 ratio
561 2674 690 2728 ferre
710 2674 972 2741 videbatur,
995 2689 1044 2727 et
1069 2673 1326 2744 aliquoties
1349 2673 1404 2729 in

806 2773 828 2796 ³*
869 2783 907 2840 4
1251 2767 1403 2824 rebus
