1779 2941
1005 82 1056 141 X
1074 81 1079 84 ,

372 225 568 299 gitabat.
645 226 757 298 Qa
778 223 827 276 in
849 241 916 289 re,
936 223 1112 290 fateor,
1134 223 1269 278 nullo
1290 215 1684 296 paetojudieium

369 324 538 359 meum
559 303 615 356 ad
637 302 774 354 suum
794 302 1249 365 accommodabam,
1272 303 1545 372 auCtorque
1561 321 1686 357 con·
1768 317 1776 336 ¹

371 400 443 436 tra
467 383 786 435 vehementer
814 379 901 451 ipsi
922 399 1076 445 eram,
1115 396 1171 432 ut
1205 398 1268 432 ne
1300 381 1497 446 diutiuS,
1532 399 1682 450 quam

369 461 471 533 ipse
491 462 591 513 hoc
610 458 820 525 κειμηλίῳ
842 474 1041 528 reperto
1060 473 1350 528 perceperat
1362 458 1683 529 voluptatem,

370 558 475 591 eam
508 539 724 590 litteratis
756 539 929 589 ceteris
964 536 1208 605 vulgando
1239 536 1510 594 invideret;
1557 537 1681 606 quid

369 634 549 681 autem,
583 615 851 679 addebam,
883 632 943 667 an
965 612 1190 666 hercules
1213 614 1312 685 ipse
1332 613 1462 680 esset,
1494 630 1681 683 quarta,

366 711 423 749 ut
444 694 494 747 in
518 711 699 763 graeco
721 693 994 762 proverbio
1017 693 1107 756 est,
1145 692 1254 745 luna
1276 706 1446 757 natuS,
1483 694 1561 745 cui
1580 693 1680 746 aliis

364 777 417 829 in
449 771 590 826 omni
621 771 714 822 vita
745 770 1059 822 laborandum
1083 768 1227 835 effet,
1263 771 1344 822 fibi
1377 775 1682 840 numquam?

368 850 508 924 Qid
528 849 694 921 plura?
737 849 997 901 Enimvero
1028 847 1209 900 tamdiu
1231 849 1537 913 obtundere,
1571 848 1683 900 fati-'

366 947 497 999 gare,
532 944 705 997 urgere
727 925 984 978 hominem
1005 943 1110 978 non
1137 925 1312 990 destiti,
1345 927 1518 995 quoad
1540 925 1683 978 deni*

365 1025 464 1076 que
487 1006 679 1076 pervici.
758 1005 925 1072 Itaque
949 1021 1056 1056 non
1077 1003 1237 1055 multis
1260 1004 1337 1055 his
1365 1019 1478 1057 ante
1499 1004 1680 1057 diebus

364 1084 559 1138 schedas
582 1099 762 1136 omnes
785 1080 885 1134 suas
903 1099 931 1134 e
949 1080 1125 1134 scriniis
1146 1080 1340 1134 edue'tas
1364 1082 1485 1135 mihi
1505 1081 1560 1134 in
1581 1100 1680 1134 ma-

365 1179 459 1216 nus
485 1161 711 1223 tradidit,
747 1159 1106 1227 arbitriumque
1137 1176 1301 1211 earum
1325 1177 1479 1212 omne
1501 1160 1682 1229 permi-

364 1239 445 1293 fit:
483 1240 740 1291 statuerem
763 1238 828 1288 de
849 1236 910 1288 iis
933 1236 1111 1301 mode,
1146 1237 1290 1305 quod
1311 1235 1526 1291 luberet:
1557 1255 1681 1291 con·

363 1321 571 1372 tinerem
598 1314 763 1378 domi,
802 1314 878 1366 vel
901 1331 1014 1365 cum
1042 1315 1208 1365 amicis
1230 1315 1679 1372 communicaremz

361 1410 642 1468 premerem
664 1391 793 1462 apud
817 1409 912 1454 me,
931 1391 1005 1442 vel
1027 1390 1075 1442 in
1088 1390 1263 1460 vulgus
1284 1393 1582 1449 emitterem
1616 1392 1681 1448 ad

361 1475 409 1527 se
434 1472 634 1542 quidem
657 1468 796 1538 quod
819 1469 1077 1533 attinebat,
1110 1467 1353 1538 quidquid
1379 1469 1436 1522 iis
1463 1469 1682 1524 faflurus

360 1552 508 1605 essem
523 1591 537 1613 ,
574 1548 699 1600 boni
722 1545 1069 1599 consulturum.
1519 1600 1524 1605 1

473 1628 613 1680 Haec
651 1627 722 1677 vir
759 1623 1035 1677 clariffimus
1071 1639 1121 1676 et
1154 1623 1488 1683 amiciffimus3
1536 1628 1679 1694 cujus

359 1724 459 1776 ego
481 1721 581 1758 tam
614 1719 804 1775 praeter
825 1701 1231 1772 exsped'tationem
1254 1702 1471 1757 maximo
1506 1721 1563 1757 ac
1583 1705 1679 1758 finz

358 1783 507 1855 guiari
530 1798 737 1833 munere
758 1779 940 1843 audin&
966 1794 1143 1848 quanta
1162 1781 1331 1833 laetitia
1355 1780 1552 1834 affeeius
1573 1782 1676 1850 fim,

358 1876 652 1932 quantoque
686 1875 842 1929 opere
870 1857 1135 1927 gestierim,
1170 1856 1205 1909 fi
1227 1858 1451 1911 oratione
1478 1857 1673 1928 adsequi

358 1957 444 1992 me
461 1936 600 2008 posse
623 1935 888 2000 confidam,
911 1934 1081 1988 frustra
1102 1935 1199 1987 fim.
1276 1936 1530 2008 roirca
1549 1938 1671 1991 nihil

356 2014 690 2070 cuneiandum
711 2028 855 2077 ratuS,
880 2013 1046 2081 primo
1071 2012 1269 2083 quidem
1291 2011 1443 2083 ipsum
1466 2032 1674 2086 apogra-

355 2094 516 2166 phum
539 2109 647 2143 mea
678 2108 829 2142 manu
864 2090 1044 2141 iterum
1074 2088 1290 2160 descripfi
1313 2090 1521 2157 ordine,
1559 2111 1669 2162 quo

354 2167 725 2224 Giovenazzius
756 2167 1019 2238 legendum
1043 2169 1151 2233 effe,
1182 2168 1241 2220 ad
1261 2169 1366 2233 ejus
1395 2171 1668 2239 marginem

354 2248 692 2301 adnotaverat:
731 2261 837 2298 nou
859 2244 1011 2310 enim,
1042 2261 1097 2297 ut
1117 2247 1218 2298 hoc
1242 2245 1402 2298 obiter
1422 2264 1667 2315 moneam,

356 2343 463 2396 quo
485 2326 704 2395 primum
729 2321 1057 2392 fragmentum
1085 2339 1408 2393 exceperunt,
1444 2342 1508 2377 eo
1530 2341 1669 2383 nuno·

354 2403 541 2456 editur:
578 2401 755 2453 deinde
777 2401 1153 2471 exprimendum
1183 2399 1301 2454 illud
1320 2400 1496 2454 formis
1518 2417 1667 2474 typo-

354 2479 609 2551 graphici3‚
621 2494 801 2547 quanta
821 2480 1026 2531 maxima
1047 2496 1159 2531 cura
1170 2496 1225 2533 ac
1235 2478 1478 2548 diligentia
1499 2482 1664 2551 potui,

356 2561 563 2632 parique
584 2556 829 2612 celeritate
846 2557 1021 2612 curavi.
1041 2556 1147 2633 Q
1161 2558 1290 2612 enim
1310 2552 1576 2611 doeiorum
1591 2559 1663 2609 vi-

551 2652 554 2656 ’
1490 2653 1663 2690 rorum
