1763 3021
959 126 1066 180 LX

358 289 423 324 ex
443 266 706 322 neotericis
731 262 876 315 etiarn
898 259 1195 332 geographis
1218 257 1382 324 fuisse,
1421 259 1503 327 qui
1525 256 1673 310 dubi.

357 363 531 409 tarent,
568 365 591 398 a
619 343 904 398 Caecilione
927 340 1148 402 Mete110‚
1181 357 1239 390 an
1266 358 1287 389 a
1312 337 1527 390 metallis.
1561 332 1672 405 qui-

358 429 452 480 bus
480 444 534 477 ea
560 424 697 491 regio
718 421 850 473 ferax
874 421 967 481 est,
1004 435 1194 470 nomen
1217 417 1331 468 loco
1365 414 1568 466 inditum
1592 413 1671 473 fit;

355 504 442 558 sed
469 521 592 572 quae
616 501 847 552 hierenus
871 497 1233 558 adnotavimu3‚
1252 513 1274 546 a
1297 494 1494 546 Metello
1518 492 1671 560 magis

358 581 583 635 suadent:
631 579 690 630 ad
730 576 869 646 quod
905 575 1115 634 accedit,
1154 572 1296 643 quod
1327 571 1531 624 alterum
1565 570 1671 634 ejus

357 660 533 712 trachis
556 656 802 726 oppidum
826 659 947 723 quin
971 655 1027 704 ab
1045 652 1188 717 hujus
1211 648 1358 720 ipfius
1371 648 1555 702 Metelli
1580 665 1672 700 no-

357 739 491 790 mine
511 735 697 788 dicium
724 739 798 792 fit,
837 733 918 784 vix
942 732 1032 793 est,
1070 746 1126 781 ut
1150 729 1370 782 revocari
1391 729 1440 779 in
1463 726 1670 778 dubium

356 814 522 886 poffit.
600 814 738 865 Haec
762 812 825 863 de
845 810 973 863 Flori
996 827 1050 861 ac
1074 807 1251 861 Liviani
1272 804 1532 874 fragmenti
1555 803 1672 855 loco

358 893 560 954 έυςάχως
583 889 810 953 ἷοιτοίΤις,
840 887 871 938 si
895 906 984 956 per
1005 885 1231 939 Voffium
1256 885 1442 936 liceret:
1478 881 1518 933 is·
1541 883 1673 933 enim

357 972 416 1024 ad
454 977 634 1023 Mezam
667 970 746 1020 lib.
779 969 832 1031 11,
864 983 969 1035 cap.
1001 969 1051 1018 6.
1075 979 1332 1031 antequam
1366 958 1595 1030 Hispania
1618 959 1669 1011 in

332 1065 456 1111 ,tres
491 1048 764 1118 provincias
796 1063 820 1096 a
855 1043 1087 1097 Romanis
1122 1040 1440 1100 divideretur,
1491 1035 1673 1091 Lufita-

354 1128 486 1178 niam
510 1144 532 1178 a
557 1126 701 1194 Tago
728 1121 983 1193 incepisse,
1022 1138 1150 1189 quae
1172 1135 1291 1171 vero
1315 1114 1456 1187 regio
1481 1120 1591 1168 Ana
1623 1128 1674 1167 et
1756 1137 1763 1187 f

355 1205 505 1272 Tago
544 1201 834 1255 fluminibus
871 1200 1176 1261 continetur,
1227 1211 1331 1248 eam
1368 1194 1677 1247 Celticorum

355 1282 566 1334 nomine
586 1279 764 1332 veniffe
786 1276 1002 1341 affirmat,
1025 1273 1441 1341 reprehenditque
1464 1272 1564 1324 hoc
1578 1288 1676 1323 no-

355 1359 492 1410 mine
521 1358 728 1418 Melam,
766 1355 909 1424 quod
934 1355 997 1406 de
1029 1354 1214 1406 Baetica
1245 1369 1301 1403 ac
1333 1347 1567 1403 Lusitania
1601 1349 1676 1400 lo-

356 1454 516 1505 quens
551 1434 816 1504 scripserat:
862 1435 955 1485 Eas
963 1433 1136 1503 fluvius
1156 1433 1283 1483 Anas
1304 1429 1501 1501 separat.
1577 1424 1676 1480 Sed

354 1515 535 1567 Melam
570 1510 949 1583 reprehensione
983 1527 1174 1571 carere,
1214 1507 1329 1558 mihi
1351 1504 1555 1574 quidem
1578 1504 1672 1555 du·

354 1592 491 1643 bium
517 1609 624 1643 non
649 1591 741 1654 est,
779 1607 874 1641 nec
905 1586 1084 1640 Voffio
1115 1585 1303 1654 opinor
1336 1581 1520 1647 fuiss’et,
1562 1583 1592 1635 fi
1615 1579 1675 1634 ad

354 1686 483 1738 quae
509 1668 774 1721 Resendius
795 1667 888 1719 alio
919 1665 1123 1734 quidem
1145 1661 1387 1733 speeiem,
1426 1661 1596 1713 litteris
1622 1677 1677 1716 ea

353 1747 421 1798 de
451 1764 506 1798 re
541 1746 881 1807 mandaverat,
924 1744 1143 1795 animum
1180 1737 1475 1792 intendiffet.
1563 1739 1673 1807 Ego

352 1825 500 1876 unius
524 1824 607 1876 hic
629 1822 777 1875 Hirtii
797 1821 1089 1874 testimonio
1112 1818 1215 1872 satis
1237 1817 1432 1882 idonei,
1468 1831 1523 1868 ut
1550 1815 1676 1869 arbi·

351 1918 485 1965 tror‚
522 1901 735 1955 aueioris
771 1920 856 1953 me
887 1900 1098 1963 tuebor,
1131 1897 1272 1962 cujus
1305 1894 1506 1965 quidem
1539 1892 1676 1949 Vos·
1752 1885 1763 1954 ’.ᾗ

350 1980 469 2033 sium
492 1981 640 2032 verba
661 1997 768 2032 non
790 1976 964 2047 legiffe‚
988 1992 1086 2040 aut,
1113 1974 1146 2026 fi
1169 1974 1299 2041 legit,
1328 1988 1499 2025 tamen
1522 1974 1573 2025 in
1597 1971 1676 2025 sua

349 2056 531 2111 haerefi
573 2057 912 2128 perseverasse,
965 2054 1148 2107 mirum
1195 2052 1288 2104 est:
1338 2051 1482 2120 plane
1539 2051 1673 2102 enim

350 2134 659 2185 continentia
691 2135 811 2187 mihi
840 2132 1086 2186 videntur.
1161 2131 1259 2183 Hie
1290 2129 1435 2198 igitur
1466 2127 1525 2180 de
1546 2129 1673 2181 Bello
1703 2196 1710 2203 Ι

322 2272 325 2276 ,
351 2208 659 2267 Alexandrino
680 2224 788 2275 cap.
804 2205 892 2276 48.
919 2212 1027 2256 Cam
1050 2215 1096 2262 in
1107 2209 1354 2276 Lusitania,
1377 2205 1552 2274 inquit,
1574 2208 1674 2259 Me-

353 2287 594 2352 dobregam
634 2285 867 2355 oppidum,
912 2292 1177 2353 montemque
1210 2281 1483 2336 Herminium
1528 2303 1674 2355 expu-

345 2365 532 2436 gnaſjet,
568 2382 656 2435 quo
679 2359 1038 2434 Medobregenses
1058 2356 1363 2431 confugerant,
1389 2359 1544 2408 iterum
1565 2356 1671 2410 HS.

354 2447 503 2495 centies
522 2441 672 2493 milites
693 2441 887 2492 donavit.
969 2439 1074 2502 Jam
1096 2436 1240 2505 igitur
1259 2450 1372 2486 ante
1391 2434 1671 2503 Augustum

350 2521 431 2575 ille
454 2517 658 2582 trae'mS,
697 2519 747 2570 in
779 2534 886 2585 quo
910 2515 1248 2583 Medobrega,
1282 2529 1339 2564 ac
1369 2528 1516 2564 mons
1541 2514 1673 2564 Her-

351 2597 539 2654 minius
556 2611 721 2664 erant,
760 2595 863 2649 hoc
884 2594 952 2648 est
971 2594 1049 2649 ille
1065 2589 1193 2665 ipse,
1218 2607 1369 2660 quein
1388 2587 1674 2719 pertinuiss}

1610 2684 1637 2719 a

1752 1978 1763 2059 ἔ

1743 2537 1757 2552 ⁵
1744 2230 1762 2484 *Qemae
