1747 3005
663 135 744 190 111

52 263 188 318 dices
220 267 470 323 conferret
491 269 546 323 in
568 271 859 339 editionem,
893 291 1018 345 quae
1039 278 1199 334 modo
1228 281 1362 350 apud

51 344 246 414 Anglos
274 348 335 400 C.
361 350 427 400 V.
448 349 718 415 Benjamini
741 352 1022 407 Kennicotti
1046 373 1196 427 opera
1217 359 1360 413 ador-

49 436 220 482 natum,
257 424 395 489 cujus
426 426 497 477 rei
524 428 670 496 gratia
701 445 854 496 quum
886 431 990 483 alias
1021 449 1248 488 romanas
1287 437 1360 489 bi-

49 496 315 551 bliothecas
333 500 663 570 frequentare,
685 522 792 559 tum
805 510 1087 563 Vaticanam
1102 513 1151 563 in
1169 515 1360 583 primis,

48 575 387 645 ampliffimum
428 580 552 633 illud
588 597 736 651 atque
776 587 1153 655 augustiffimum
1199 592 1360 644 Musa-

49 669 162 705 rum
183 653 498 723 domicilium,
531 659 735 712 solebat.
792 663 861 715 lbi
884 681 1038 733 quum
1061 666 1161 718 hoc
1186 667 1360 722 illudve

47 730 282 787 volumen
318 751 414 803 pro
443 750 674 807 tempore
705 756 761 790 ac
788 757 843 792 re
871 741 1232 796 consulendum
1262 745 1361 810 fibi,

48 825 106 861 ac
127 809 490 865 conferendum
521 813 800 885 susciperet,
837 817 1009 873 incidit
1039 820 1175 874 forte
1195 823 1245 873 in
1274 840 1360 876 co-

46 885 208 938 dicem
246 890 674 945 membranaceum
709 895 974 949 Palatinum
1010 915 1146 950 num.
1177 901 1375 965 XXIV,-

47 980 327 1030 quem'non
347 966 540 1021 infimae
559 986 708 1023 notae
730 971 840 1038 effe,
871 992 934 1027 ex
955 975 1017 1029 C.
1041 980 1103 1030 V.
1127 976 1360 1031 Francisci

43 1041 314 1108 Blanchini,
335 1046 422 1113 qui
445 1061 496 1098 et
519 1046 768 1119 specimen
789 1051 1113 1105 characierum
1141 1055 1246 1120 ejus
1271 1073 1359 1107 co·

47 1118 245 1172 diciszin
267 1139 348 1174 aes
370 1123 806 1191 incisum'exhibet,
847 1129 1085 1182 Vindiciis
1112 1131 1357 1185 didicerat.

44 1198 407 1267 Complec‘titur
437 1217 598 1254 autem
627 1204 666 1255 is
697 1206 862 1257 codex
891 1206 1113 1259 historias
1145 1210 1358 1276 Tobiae,

42 1273 275 1342 Iudithae,
307 1278 412 1330 lobi
448 1294 595 1349 atque
615 1280 823 1333 Estheris
848 1299 879 1333 a.
895 1283 1211 1352 ffleronyrno
1234 1304 1358 1338 con-

43 1350 214 1407 uerth.
251 1358 421 1422 ltaque
436 1357 558 1408 dum
579 1356 711 1408 illum
731 1357 909 1411 librum
926 1362 1181 1429 pervolvit,
1203 1364 1373 1415 anim--

43 1428 253 1481 advertit
272 1448 334 1482 ex
352 1435 763 1487 eorumnumero
782 1435 890 1499 effe,
922 1454 1052 1506 quos
1073 1439 1224 1508 vulgo
1245 1450 1360 1493 eru-

41 1506 129 1558 diti
152 1507 410 1579 Rescriptos'
424 1511 679 1581 appellant,
719 1511 782 1564 de
805 1513 1011 1583 quibus,
1045 1514 1074 1566 fi
1100 1518 1174 1568 cui
1200 1516 1248 1569 id
1272 1535 1358 1587 ge-

41 1600 138 1635 nus
171 1585 413 1638 librorum
440 1587 670 1657 ignotum
703 1590 794 1655 est,
831 1591 988 1645 videri
1007 1593 1218 1664 'potiunt
1249 1595 1360 1648 Cla-
1394 1609 1405 1622 ‘

40 1659 200 1713 riffimi
217 1663 624 1718 Montfauconius
646 1669 697 1718 in
719 1665 796 1719 sna
816 1669 1200 1741 Pala-eographia,
1222 1673 1360 1725 Knit-

42 1738 196 1791 t‘ellius
232 1739 295 1790 ad
336 1741 620 1811 Fragmenta
654 1744 907 1812 lehilae,
953 1748 1202 1800 Auctorcs
1234 1750 1358 1802 novi

42 1817 206 1886 operis
227 1815 562 1886 diplomatici,
589 1818 793 1888 aliique,
830 1838 960 1889 quos
983 1822 1143 1875 laudat
1166 1824 1357 1894 elegan-

40 1894 100 1945 tis
126 1893 199 1945 vir
217 1894 402 1962 ingenii
423 1896 662 1949 lohannes
683 1898 930 1968 Augustus
953 1901 1181 1953 Ernestus
1201 1903 1250 1953 in
1265 1906 1358 1954 Ax-

41 1971 326 2040 ehaeologia
345 1972 580 2026 litteraria.
623 1977 791 2048 Qare
803 1977 939 2043 dum,
951 1976 1075 2047 quid
1094 1980 1146 2030 in
1167 1979 1356 2033 receffu

39 2048 116 2099 rei
144 2049 339 2114 lateret,
381 2051 600 2121 quidque
631 2052 861 2123 scriptum
901 2055 951 2108 in
992 2073 1055 2108 eo
1089 2056 1356 2125 antiquitus

39 2125 203 2192 fuerit,
236 2125 430 2181 scrutari
450 2146 546 2201 pro
568 2129 686 2182 virili
707 2129 956 2199 adnititur,
977 2132 1170 2185 titulum
1192 2133 1357 2187 offen.

0 2222 2 2258 ς
41 2204 114 2262 dit
132 2204 321 2270 multo,
359 2207 510 2276 quam
537 2206 739 2277 reliqui,
777 2209 1040 2275 majoribus
1071 2210 1356 2268 charaeieii-

0 2280 1 2349 ἢ
41 2279 134 2334 bus
156 2279 435 2353 expressum
457 2284 508 2336 in
537 2285 672 2336 hunc
702 2286 937 2339 modum:
1283 2288 1286 2291 ’

0 2356 1 2425 ᾗ
258 2361 591 2415 INCIPIT
623 2365 780 2419 PRO
825 2363 1136 2420 ROSCIO.

0 2428 2 2525 j
40 2435 207 2505 Pergit
227 2453 382 2505 porro
403 2439 737 2507 vir‘strenuuS,
772 2456 918 2512 atque
939 2460 1095 2495 unum
1129 2441 1356 2496 alterum-

0 2529 3 2536 ’
41 2507 393 2582 que'verbum,
427 2517 571 2585 quod
595 2518 789 2588 exculpi
810 2519 992 2572 facilius
1017 2519 1210 2591 potuit,
1237 2537 1355 2573 cum

40 2590 188 2645 initio
211 2593 444 2646 orationis
460 2611 560 2665 pro
583 2596 696 2648 Sex.
725 2595 904 2651 Roscio
928 2598 1172 2652 Amerino
1197 2613 1357 2666 quum

702 2674 748 2725 A
787 2691 819 2729 2
1169 2686 1373 2729 contu·

0 2804 9 3005 ἰ
