1763 3021
859 143 1175 204 LXXVIII

356 300 414 340 ut
437 302 607 340 amore
634 283 911 337 incredibili
937 286 1089 337 bonas
1112 299 1239 337 artes
1258 282 1538 356 litterasque
1557 296 1680 355 pro·

357 365 597 433 sequatur,
624 362 842 432 nihilque
869 360 990 427 leve,
1021 363 1134 414 nihil
1159 364 1583 417 contemnendum
1606 378 1679 416 ar-

357 444 591 508 bitretur,
635 438 775 512 quod
816 438 874 492 ad
911 455 1078 493 earum
1119 440 1303 494 cultum
1343 458 1490 512 atque
1518 443 1677 494 incre-

357 537 582 573 mentum
608 538 819 589 quoquo
843 519 1000 572 modo
1022 519 1254 589 intelligat
1276 523 1538 591 pertinere,
1562 536 1675 573 tum

355 600 501 665 hujus
543 600 803 669 praecipue
836 597 1017 667 reperti
1050 599 1271 650 novitate
1310 600 1577 650 maximum
1622 598 1676 652 in

355 678 573 730 modum
597 676 846 746 percuffus
870 677 952 727 est.
1030 676 1372 738 Quamobrem
1387 694 1493 729 non
1515 674 1675 729 solum

356 757 498 825 quod
531 756 632 826 ipse
666 755 780 806 esset
812 753 876 806 de
897 768 1056 806 tantae
1081 754 1151 806 rei
1173 755 1370 807 veritate
1400 754 1524 807 mire
1547 753 1676 806 solli-

353 837 508 898 cituS‚
545 833 624 886 sed
646 833 791 885 etiam
813 848 869 884 ut
892 833 1072 898 omniS,
1106 831 1183 884 sua
1204 832 1482 903 interposita
1502 832 1676 884 aneio-

352 914 515 977 ritate,
568 911 700 964 vanis
736 911 1102 980 quaestionibus
1144 909 1250 964 ansa
1291 911 1674 982 praecideretur,

352 990 481 1044 Viro
516 991 655 1041 omni
688 990 892 1041 laudum
921 1007 1102 1058 genere
1129 988 1537 1053 cumnlndffimo,
1572 990 1675 1041 La-

352 1085 472 1121 zaro
496 1067 680 1137 Opitio
711 1068 955 1121 Cardinali
977 1068 1290 1133 Pallavicinio,
1316 1067 1550 1139 primario
1584 1065 1673 1119 ad·-

350 1145 925 1214 ministro‚demandavit,
948 1145 1036 1199 suo
1060 1162 1113 1198 ut
1131 1147 1337 1199 nomine
1361 1146 1566 1211 juberet,
1585 1163 1674 1198 co·-

349 1225 542 1290 dicem,
583 1224 635 1275 in
670 1241 773 1295 quo
806 1225 872 1278 T.
898 1224 1020 1276 Livii
1053 1223 1381 1292 fragmentum
1416 1239 1672 1294 repertum

351 1301 449 1355 effe
470 1302 617 1369 vulgo
642 1301 902 1365 ferebatur,
941 1302 1000 1354 ad
1027 1301 1263 1355 Petrcnfis
1286 1301 1671 1373 Archiepiscopi,

349 1381 536 1432 Xaverii
559 1379 622 1431 de
641 1379 833 1444 Zelada,
859 1379 1005 1432 aedes
1031 1381 1296 1444 transferri,
1318 1381 1487 1450 ibique
1506 1398 1531 1432 a
1553 1383 1670 1435 CC·

349 1460 464 1512 VV.
502 1462 650 1510 Petro
690 1456 873 1510 Aloifio
915 1457 1164 1522 Galletto,
1216 1459 1425 1528 Iosepho
1470 1458 1668 1514 Aloifio

349 1535 612 1590 Amadefio
635 1535 777 1600 serio,
805 1535 1165 1605 diligenterque
1188 1537 1420 1606 expendi,
1460 1537 1545 1606 qui
1571 1536 1669 1590 seso

351 1614 533 1666 deinde
564 1614 628 1666 de
669 1629 773 1667 tota
811 1631 865 1665 re
899 1615 1158 1666 certiorem
1194 1614 1424 1668 facerent.
1525 1615 1667 1669 Haeo

348 1692 606 1745 Pontifex:
639 1693 779 1757 cujus
804 1692 1004 1760 quidem
1032 1691 1236 1744 consilio
1259 1692 1376 1761 quid
1402 1691 1667 1762 sapientius

347 1769 483 1834 fieri,
525 1770 645 1840 quid
676 1773 733 1823 ad
761 1773 1013 1823 veritatem
1035 1770 1356 1823 illustrandam
1381 1788 1667 1825 accommo-

347 1847 533 1911 datius,
575 1848 696 1916 quid
743 1850 882 1900 etiam
930 1849 989 1901 ad
1025 1848 1426 1920 tanti'Principis
1457 1851 1666 1918 gloriam

347 1926 733 1998 amplificandam
757 1927 1136 1990 conducentiuS,
1160 1941 1266 1978 non
1279 1926 1495 1996 reperio.
1532 1931 1664 1983 Nam

345 2005 377 2058 si
411 2005 630 2070 judicum
666 2004 814 2057 fidem
846 2004 1055 2075 speeie&
1099 2005 1400 2074 integerrimi
1444 2004 1577 2064 sunt3
1627 2001 1663 2061 fi

344 2083 694 2147 eruditionem,
721 2082 997 2148 doeiiffimi,
1033 2081 1271 2152 editisque
1294 2083 1527 2153 operibus
1549 2082 1664 2142 orbi

343 2161 559 2214 litterato
600 2160 856 2217 notiffimi;
920 2162 951 2214 fi
997 2163 1169 2213 harum
1214 2173 1381 2212 rerum
1420 2163 1660 2232 peritiam,

342 2254 545 2291 aetatem
577 2240 606 2291 ii
639 2240 837 2308 quidem
871 2240 921 2291 in
954 2240 1083 2292 hisce
1116 2239 1279 2290 studiis
1312 2238 1418 2291 fere
1450 2257 1660 2296 omnem

339 2315 525 2369 summa
550 2335 665 2368 cum
689 2319 902 2370 nominis
927 2318 989 2371 sui
1015 2317 1180 2382 laude,
1219 2316 1658 2388 studiosorumque

338 2395 544 2446 utilitate
575 2394 914 2447 traduxerunt.
993 2394 1130 2468 Qid
1161 2410 1322 2447 autem
1358 2395 1421 2447 de
1442 2397 1655 2450 Xaverio

341 2473 409 2525 de
436 2472 612 2525 Zelada
643 2473 829 2534 dicam,
868 2491 1020 2542 quem
1050 2491 1280 2526 romanae
1302 2491 1553 2545 purpurae
1585 2474 1658 2528 di-

337 2552 520 2621 gnitate
552 2549 846 2602 meritiffime
878 2552 1249 2604 cohonestatum
1281 2567 1428 2621 atque
1462 2552 1656 2622 insignia

338 2644 463 2695 tum,
476 2629 706 2682 omnium
719 2629 971 2703 ordinum,
995 2629 1223 2684 omnium
1241 2629 1497 2689 nationum
1516 2632 1657 2702 plana

1509 2701 1654 2777 sibus,
1700 2759 1717 2776 *s
1761 2735 1763 2754 ι

1750 365 1763 459 i

1755 494 1763 573 ἑ

1710 2613 1763 2680 Α.

1756 2685 1763 2715 1

1752 2782 1763 2844 4,

1746 2850 1763 2956 ³}

1753 2984 1763 3021 Ι
