1779 2941
954 97 1042 151 Vl

345 248 430 285 rae
448 232 665 302 pretium
688 229 969 296 fecerimus,
990 228 1022 281 fi
1046 229 1214 302 scripta
1235 246 1349 282 cum
1374 227 1518 282 editis
1542 245 1660 281 con·

349 308 597 375 ferantur,
660 308 754 361 five
794 308 1027 360 bacienus
1088 308 1307 377 ignorata
1362 306 1662 375 ineditaque,

353 387 505 456 longe
536 386 767 458 profecto
800 387 967 451 majus,
1008 386 1149 438 Haec
1174 384 1267 437 ille.
1315 383 1546 438 Brunfius
1579 401 1661 436 au-
1726 455 1731 459 ψ

352 479 485 529 tem,
521 465 604 534 qui
638 481 768 516 unus
791 463 1074 532 crystallinas
1106 463 1258 515 lentes
1286 462 1446 515 secum
1465 462 1519 514 in
1545 479 1663 514 eum

356 540 496 593 usum
533 543 798 605 adtulerat,
839 542 991 594 aciem
1023 541 1076 592 in
1118 540 1247 592 tituli
1275 540 1465 609 vestigia
1506 540 1669 590 inten-

357 618 497 682 denS,
544 638 598 672 ac
626 619 776 671 veluti
808 637 898 690 per
925 618 1260 682 transennam,
1295 617 1328 670 fi
1351 618 1415 668 ita
1435 617 1574 685 loqui
1596 616 1667 669 fas

361 697 445 760 est,
469 696 605 767 supra
629 696 906 767 scriptarum
927 696 1191 748 litterarum
1217 693 1366 747 semel
1389 695 1670 765 iterumque

362 774 664 847 prospiciens
678 815 692 841 ,
730 773 905 827 diserte
925 774 1119 826 tandem
1142 773 1258 842 legit

664 870 1000 925 T1T1L1v1
1080 871 1207 923 [ΑΒ.
1250 885 1377 921 xcx.

364 945 431 999 Ita
450 947 745 1016 praeclarum
767 944 944 1001 1261e2e
963 948 1275 1018 eloquentiae
1299 943 1562 1015 Scriptoris
1584 943 1680 997 fra-

368 1041 645 1094 gmentum,
659 1045 702 1095 qe
716 1027 796 1079 *od
810 1042 888 1078 tot
902 1042 1108 1079 aetatum
1134 1040 1182 1077 et
1200 1023 1506 1076 saeculorum
1529 1022 1681 1075 inter-

368 1102 498 1155 vallo
536 1104 586 1154 in
621 1104 1031 1156 bibliothecarum
1065 1102 1254 1173 angulis
1289 1100 1593 1170 neglectum,
1631 1113 1685 1152 et

368 1179 679 1239 inhonorum
701 1181 974 1248 delituerat,
1001 1181 1054 1234 in
1074 1181 1250 1246 lucem,
1270 1194 1320 1232 et
1341 1180 1390 1232 in
1409 1177 1685 1250 adspectum

372 1258 577 1331 prodiit.

954 1403 998 1472 §.
1037 1406 1103 1458 11.

381 1518 508 1590 Quid
522 1521 566 1571 in
578 1538 626 1572 eo
639 1517 910 1593 describendo
932 1539 1058 1573 curae
1079 1539 1107 1572 a
1130 1517 1334 1573 CCVV.
1347 1516 1576 1591 impensum
1583 1517 1690 1591 fit?

380 1639 597 1758 Nune,
620 1658 857 1712 quantum
881 1660 1062 1712 operae
1081 1640 1296 1712 politum
1318 1640 1370 1692 fit
1393 1659 1417 1692 a
1434 1638 1695 1692 clai-iffimis

515 1721 638 1786 viria,
659 1736 714 1772 ut
735 1720 854 1772 illud
876 1735 1122 1784 eruerent,
1143 1737 1296 1772 nemo
1316 1719 1558 1771 aestimare
1578 1733 1697 1770 vere

383 1797 594 1869 poterit,
628 1799 710 1866 qui
733 1797 815 1850 ms.
837 1796 993 1866 ipsum
1015 1814 1122 1849 non
1142 1795 1335 1848 viderit.
1382 1796 1544 1861 Hujus
1564 1796 1698 1848 enirn

389 1875 471 1928 ms.
516 1874 641 1928 adeo
676 1876 916 1928 vetustate
946 1888 1233 1945 corruptae,
1282 1872 1414 1925 adeo
1451 1871 1701 1925 obsoletae

387 1951 724 2021 fugientesque
753 1952 936 2005 litterae
968 1951 1104 2016 sunt,
1134 1966 1192 2002 ut
1215 1950 1301 2019 qui
1325 1967 1387 2002 ex
1409 1949 1511 2020 ipso
1542 1967 1703 2003 novae

389 2028 653 2099 scripturae
675 2030 895 2099 margine
915 2045 1012 2081 tres
1036 2028 1191 2081 versus
1212 2027 1411 2092 exstant,
1432 2028 1463 2079 ii
1477 2043 1703 2098 magnam

391 2106 597 2176 quidem
623 2122 809 2178 partem
832 2123 941 2158 non
962 2103 1060 2157 fine
1083 2104 1365 2158 difficultate
1384 2106 1476 2175 legi
1505 2104 1705 2175 poffint,

392 2185 540 2236 ceteri
562 2200 723 2237 autem
750 2201 854 2236 non
876 2182 1029 2236 solum
1054 2198 1260 2254 propter
1281 2184 1592 2246 vetustatem,
1621 2201 1705 2234 ve-

393 2279 503 2315 rum
529 2263 668 2314 etiam
694 2276 900 2332 propter
922 2261 1273 2326 recentiorem,
1309 2278 1406 2329 qua
1427 2260 1490 2312 de
1511 2260 1705 2329 loquuti

395 2337 574 2403 sumuS,
606 2339 880 2409 scripturam
902 2339 994 2403 viX,
1018 2357 1072 2391 ac
1091 2356 1154 2392 ne
1178 2338 1263 2390 vix
1288 2338 1504 2407 quidem,
1528 2339 1706 2407 digno-

396 2413 599 2467 scantur.
677 2417 773 2469 His
807 2416 957 2486 igitur
980 2415 1338 2468 difficultatibus
1366 2432 1526 2485 quum
1549 2414 1708 2468 ferme

397 2493 724 2546 obruerentur
743 2534 756 2556 ,
794 2493 923 2546 haud
945 2495 1153 2546 multum
1174 2493 1360 2545 itineris
1383 2510 1514 2546 certe
1535 2491 1711 2546 confe-

395 2569 590 2637 ciss'enr,
637 2572 878 2645 planeque
923 2573 983 2625 ab
1027 2573 1230 2644 incepto
1275 2570 1583 2637 destitissent,
1627 2567 1713 2624 nifi

1597 2646 1714 2701 alter
