1747 3005
659 166 732 226 ,13

35 312 112 357 aeto
152 293 553 373 diligentiorem
599 312 853 371 operam,
913 311 1141 373 eamque
1180 292 1350 354 ferme

44 403 417 486 quotidianam
441 401 649 462 navasti.
699 402 827 477 Qa
851 423 915 460 ex
943 424 998 461 re
1022 405 1246 471 mirifica
1268 406 1353 465 illa

44 511 182 583 tua,
206 515 489 594 :planeque
529 510 798 591 singularis
840 514 896 571 in
937 516 1154 591 agendis
1192 516 1352 575 rebus

40 625 369 694 dexteritas,
423 642 584 704 atque
629 624 838 682 solertia
894 612 1159 695 effloruit,
1217 646 1352 705 quae

41 732 220 816 quum
249 732 307 794 in
336 735 519 794 illustri
554 736 684 793 loco
720 733 894 813 pofita
920 736 1193 794 neminem
1224 736 1354 794 late·-

40 845 150 916 fet,
172 844 505 905 indefa&um
528 845 618 914 est,
641 862 704 904 ut
727 846 862 904 boni
885 867 1074 904 omnes
1098 846 1202 923 jam
1226 845 1354 906 inde

39 974 109 1016 te
131 958 188 1015 in
211 956 423 1034 publica
455 977 516 1014 ac
548 957 752 1034 privata
771 956 1059 1015 hominum
1095 977 1353 1015 commo-

50 1064 118 1125 da
151 1083 338 1125 natum
370 1066 756 1144 intelligerent,
812 1087 1111 1145 omnesque
1143 1067 1244 1125 tibi
1285 1066 1355 1126 de

41 1173 130 1246 -se,
176 1176 351 1257 deque
382 1176 652 1256 republica
682 1175 1060 1234 benemerendi
1083 1176 1357 1235 facultates

54 1288 452 1361 ominarentur,
499 1304 775 1367 quumque
813 1288 1052 1365 primum
1083 1286 1148 1344 ad
1186 1306 1357 1365 remp.

50 1395 325 1467 acceffisti,
379 1414 442 1455 ut
486 1398 774 1474 ampliores
815 1397 871 1454 in
911 1396 1024 1457 dies
1069 1418 1356 1457 munerum

50 1506 464 1587 procurationes
476 1506 542 1564 ad
565 1525 621 1565 te
641 1506 989 1577 deferrentur,
1003 1509 1153 1567 votis
1175 1509 1358 1567 omni-

49 1616 153 1676 bus
197 1615 653 1694 concupiscerent.
756 1617 913 1676 Nihil
950 1619 1093 1677 enim
1140 1618 1213 1678 est
1245 1636 1357 1677 tam

45 1712 328 1802 magnum,
355 1725 508 1804 quod
529 1747 645 1784 non
666 1728 912 1805 polliceri
935 1727 1031 1787 fibi
1056 1727 1147 1786 abs
1163 1745 1217 1786 te
1241 1748 1358 1786 me·-

46 1836 195 1904 21it0‚
230 1855 293 1892 ac
315 1833 430 1912 jure
452 1835 602 1913 posse
629 1837 1032 1896 arbitrarentur:
1077 1837 1360 1917 siquidem,

46 1943 213 2024 quod
247 1946 391 2003 recle
429 1945 586 2004 multi
620 1944 880 2024 sapientes
912 1949 1359 2025 pronunciatum,

47 2054 290 2113 >virtutes
311 2074 504 2114 omnes
525 2075 641 2113 uno
664 2055 901 2136 quodam
924 2057 1191 2118 societatis
1217 2056 1359 2139 quafi

52 2163 282 2222 vinculo
307 2165 594 2234 contineri,
637 2165 712 2234 id,
745 2165 783 2224 fi
809 2170 1049 2246 exempla
1072 2167 1244 2228 desint
1269 2189 1356 2226 ce·-

49 2289 201 2342 rtera‚
251 2290 342 2332 tua
374 2274 530 2336 unius
567 2276 819 2347 vivendi,
864 2295 954 2336 tua
989 2277 1180 2355 agendi
1217 2278 1356 2336 ratio

51 2382 464 2460 comprobaret.
561 2384 738 2461 Qod
783 2407 851 2445 eo
894 2387 1160 2446 lubentius
1207 2387 1359 2457 dico,

50 2489 218 2570 „quod
251 2493 520 2551 neminem
553 2494 772 2573 quidem
804 2495 1047 2555 futurum
1083 2515 1223 2575 puto
1260 2518 1358 2555 eo-

55 2619 214 2672 ·1·u.m‚
256 2603 350 2684 qui
381 2619 437 2663 te
461 2605 670 2665 Romae
701 2605 998 2684 praesentes
1030 2605 1358 2685 praesentem

1143 2715 1358 2776 intuen-
