1763 3021
855 109 1139 164 LXXXII

335 245 780 304 CLEMENTEM
802 247 935 311 XIV,
962 245 1048 315 qui
1071 262 1231 317 nuper
1253 261 1370 298 eum
1392 242 1670 299 Let‘lorum

338 331 452 383 albo
476 328 528 379 in
557 327 658 379 hoc
682 327 912 377 Romano
936 327 1108 394 Lyceo
1140 323 1454 376 adnumerari
1479 341 1534 375 ac
1561 325 1669 377 Bo-

339 409 522 461 tanices
546 401 775 456 cathedra
796 402 1109 455 cohonestari
1130 401 1274 468 juffit.
1320 401 1672 475 Qamobrem

342 487 457 557 quis
492 502 600 536 non
623 499 824 533 mecum
856 482 1075 552 optabit,
1109 496 1165 533 ut
1189 481 1289 533 talis
1312 495 1579 549 tantusque
1603 479 1673 531 vir

343 564 548 619 Liviano
565 561 679 612 huic
701 559 1031 629 foetuimagis
1056 559 1223 611 adhuc
1246 559 1299 611 in
1324 559 1490 612 lucem
1512 572 1675 613 extra·
1741 569 1763 618 ἦ

346 643 516 697 hendo
544 640 829 692 obstetrices
854 655 1025 691 manus
1047 637 1304 690 adhibeat?

462 796 765 851 Laetandum
802 796 989 848 interea
1025 795 1093 847 est
1135 794 1369 847 omnibus
1408 809 1559 863 atque
1593 810 1679 863 ge-

348 876 612 939 stiendum,
627 876 765 944 quod
788 891 889 926 tam
912 873 1214 943 praeclarum
1236 872 1591 942 fragmentum,
1604 884 1685 925 tot

350 955 652 1009 saeculorum
687 951 840 1022 spatio
873 952 931 1003 ad
967 952 1091 1004 hanc
1127 950 1278 1020 usque
1311 951 1452 1004 diem
1485 953 1684 1020 ignora-

350 1031 687 1097 tum,tandem
712 1031 1108 1086 CLEMENTIS
1122 1031 1255 1083 XlV.
1279 1031 1574 1100 principata,
1595 1026 1686 1098 qui

355 1115 546 1166 beatam
591 1110 873 1162 feliciorum
916 1108 1124 1178 Augusti
1163 1125 1218 1159 ac
1252 1107 1443 1161 Leonis
1480 1123 1684 1178 tempo-

355 1209 466 1244 rum
503 1190 790 1241 memoriam
825 1189 1107 1251 renovavit,
1145 1188 1195 1238 in
1229 1186 1463 1255 apricum
1480 1185 1688 1239 fortuna

354 1267 647 1342 protulerit,
686 1268 836 1334 eique
867 1264 915 1317 se
943 1282 1195 1334 tamquam
1229 1265 1494 1316 ministram
1527 1279 1579 1316 et
1610 1263 1687 1317 so-

355 1348 484 1400 ciam
507 1345 783 1416 praebuerit
805 1343 866 1395 ad
893 1344 1014 1396 Bibl.
1036 1343 1307 1397 Vaticanae
1327 1341 1611 1407 clan'tatem,
1638 1356 1689 1395 et

358 1425 565 1497 gloriam
627 1421 927 1492 augendam,
997 1419 1239 1489 latiusque
1298 1420 1687 1507 propagandam.
1712 1472 1719 1478 ,

359 1504 489 1578 Qs
512 1503 643 1554 enim
666 1518 763 1554 tam
786 1499 964 1570 hospes
986 1517 1040 1550 ac
1060 1499 1354 1568 peregrinus
1381 1499 1434 1551 in
1456 1499 1583 1566 urbe
1604 1500 1690 1563 est,

359 1585 446 1652 qui
475 1579 681 1644 nesciat,
720 1593 960 1648 quantum
993 1578 1190 1630 decoris
1225 1592 1375 1646 atque
1406 1578 1692 1633 ornamenti

359 1661 467 1715 fere
500 1657 732 1729 quotidie
772 1656 934 1709 eidem
970 1653 1241 1720 addiderit,
1290 1672 1450 1724 quum
1481 1655 1691 1720 aliorum

358 1736 716 1795 immortalium
751 1732 1076 1797 Pontificum,
1111 1749 1220 1786 turn
1241 1749 1517 1803 numquam
1542 1733 1693 1790 etiam

1755 1692 1763 1816 l

359 1817 647 1874 interiturae
670 1814 958 1878 memoriae,
990 1813 1185 1884 optimi,
1215 1814 1519 1881 maximique
1540 1813 1696 1870 CLE·
1758 1832 1763 1839 “

360 1895 632 1954 MENTIS
662 1893 788 1944 Xlll.
824 1891 1036 1961 vestigiis
1070 1888 1314 1955 infistens,
1361 1890 1694 1962 pulcherrirna

359 1990 667 2049 papyrorum
704 1970 1004 2024 collefflone
1052 1969 1147 2036 jam
1196 1968 1407 2022 instituta
1443 1969 1696 2039 inlignitet

362 2053 525 2120 auch,
566 2049 825 2120 multiplici
860 2065 1158 2118 graecorum
1191 2045 1564 2135 latinorumque
1600 2067 1698 2104 nu-

362 2130 657 2193 mismatum,
690 2143 840 2197 atque
866 2143 978 2179 aere
1001 2126 1258 2199 cusarurn
1246 2126 1517 2196 imaginum
1546 2129 1695 2199 copia

362 2209 482 2265 illuc
502 2206 709 2272 invecta,
732 2223 790 2258 ac
813 2205 1033 2276 denique
1055 2205 1294 2260 rariflimis
1314 2203 1694 2275 cujusquemodi

363 2287 665 2356 antiquitatis
699 2284 1066 2351 monumentiS,
1099 2283 1281 2355 quibus
1305 2301 1413 2336 eam
1444 2283 1694 2338 admiran-

368 2367 493 2421 dum
540 2365 596 2416 in
644 2362 862 2416 modum
909 2362 1046 2416 auxit
1084 2380 1140 2416 ac
1187 2361 1543 2433 locupletavit?
1612 2366 1695 2417 Ac

365 2441 499 2516 quali
531 2444 658 2496 intra
680 2440 1015 2495 Bibliothecae
1045 2439 1226 2494 limites
1247 2439 1465 2495 maxima
1492 2440 1694 2498 maximi

366 2519 626 2582 Pontificis
671 2518 1008 2572 munificentia
1056 2518 1305 2574 contineri
1353 2535 1463 2572 non
1514 2518 1704 2590 postet,

366 2616 631 2696 erumpere
659 2597 801 2654 foras
823 2596 998 2666 voluit,
1034 2615 1092 2653 ac
1121 2596 1400 2652 exteriores
1431 2598 1577 2651 etiarn
1608 2614 1693 2668 pa-

1539 2677 1720 2730 rietes

1727 1844 1763 2279 l

1754 2293 1763 2656 l
